3090 5004
268 772 417 831 Lubenter
454 773 529 831 hanc
566 773 813 849 opportunitatem
843 773 964 849 arripio,
997 773 1081 831 Viri
1112 764 1351 847 Clarissimi,

228 884 372 955 quotquot
396 879 427 936 in
454 878 592 937 facultate
620 878 822 955 philosophiae
842 879 1017 937 theoreticae
1037 886 1066 937 ct
1087 880 1249 939 litteramm
1270 881 1352 938 Pro

229 982 399 1041 sessores
426 983 512 1058 estis,
542 983 639 1059 palam
667 982 757 1041 Vobis
782 983 890 1057 gratias
917 984 1023 1059 agendi
1050 999 1102 1059 pro
1130 985 1235 1044 collata
1255 986 1284 1044 iu
1306 1003 1353 1043 me

229 1087 439 1146 benevolentia.
467 1087 532 1146 Non
560 1087 656 1146 solum
676 1087 738 1162 llll,
760 1106 883 1165 quorum
905 1088 1068 1165 discipulus
1089 1107 1170 1163 sum,
1192 1089 1352 1148 sedetiam

228 1191 305 1266 Vos,
333 1210 457 1269 quorum
486 1193 594 1251 scholis
621 1211 679 1250 non
708 1193 834 1261 interfui,
856 1193 928 1251 mihi
949 1193 980 1249 in
1001 1193 1090 1251 variis
1111 1194 1198 1252 rebus
1218 1193 1352 1262 affuistis,

229 1313 303 1372 quas
323 1313 495 1354 enumcrare
514 1297 603 1354 huius
623 1297 679 1355 loci
697 1303 825 1355 nonest.

268 1398 357 1458 Grato
377 1400 489 1473 animo,
511 1400 566 1458 Vir
584 1400 659 1459 Clar.
682 1399 845 1475 (lernouuu,
864 1419 1040 1478 quamquam
1058 1401 1272 1478 philosophiam
1290 1407 1352 1459 tan-

228 1504 379 1562 tummodo
409 1505 585 1580 primoribus
612 1505 701 1564 labris
729 1505 827 1579 attigi,
856 1505 942 1563 horas
970 1506 1118 1581 recordor,
1140 1524 1192 1583 per
1218 1524 1291 1584 quas
1312 1505 1353 1564 Te

228 1608 330 1667 audire
346 1608 419 1666 mihi
436 1608 527 1667 licuit.
546 1609 745 1668 Institutionis
762 1608 855 1685 Tuae,
874 1629 932 1687 qua
942 1610 1037 1686 pulcri
1048 1612 1222 1689 venustique
1232 1629 1353 1670 sensum

227 1713 258 1772 in
285 1715 451 1774 auditorum
479 1717 585 1774 animis
613 1717 742 1775 excitare
768 1721 797 1775 et
816 1717 893 1775 alere
915 1717 987 1791 scis,
1009 1735 1170 1794 nurnquam
1190 1697 1352 1776 obliviscar.

269 1819 420 1895 Imprimis
449 1820 558 1895 Vobis,
590 1821 652 1878 Viri
692 1821 783 1894 Clau,
814 1822 974 1880 Faenum<
1004 1827 1034 1881 et
1064 1822 1196 1896 Wrrrns,
1226 1822 1352 1880 multum

189 2004 192 2011 ἢ
229 1924 327 1984 debeo.
367 1923 565 2002 Quamquam,
596 1932 711 2001 praeter
742 1926 872 2001 scholas,
903 1945 976 2003 quas
1008 1927 1204 2004 frequentavi,
1235 1927 1352 2002 saepius

228 2031 334 2090 accidit
363 2037 398 2089 ut
428 2032 542 2090 Vestris
573 2032 704 2091 consiliis
734 2033 807 2090 mihi
838 2051 912 2108 opus
943 2038 1034 2107 esset,
1062 2050 1223 2109 numquam
1254 2036 1352 2089 tamen

227 2134 336 2194 frustm
362 2136 505 2194 auxilium
533 2136 673 2195 Vestrum
694 2137 862 2212 imploravi;
884 2155 1000 2213 sempor
1020 2139 1120 2196 statim
1139 2137 1234 2213 parati
1253 2137 1352 2195 fuistis

204 2239 276 2297 .vel
304 2240 336 2298 in
367 2240 497 2298 minimis
528 2241 653 2316 nogotiis
686 2259 732 2299 mc
764 2242 909 2299 adiuvare.
940 2241 1031 2300 Vobis
1061 2242 1151 2316 igitur
1180 2260 1228 2299 me
1258 2247 1351 2299 totum

140 2416 145 2425 ι
230 2343 401 2404 obstrictum
421 2363 485 2404 esse
506 2347 614 2421 senti03
637 2346 739 2404 eadem
757 2364 820 2421 me,
838 2364 927 2422 quam
944 2347 1096 2423 hucusque
1112 2351 1252 2421 expertus
1270 2365 1352 2422 sum,

232 2446 430 2509 benevolentia
451 2450 684 2527 prosequamini:
716 2469 764 2509 me
796 2469 956 2526 numquam
987 2450 1133 2525 ingratum
1166 2455 1244 2509 certo
1275 2450 1351 2524 scio,

230 2553 281 2611 sed
300 2554 406 2615 Vestro
427 2556 524 2614 favore
544 2556 667 2631 dignum
687 2556 748 2614 fore
769 2573 861 2632 spero.

269 2658 323 2716 Vir
351 2659 426 2718 Olar.
454 2678 512 2717 inu
539 2660 745 2734 Hnawnsnnu,
768 2679 825 2737 quo
853 2665 1016 2737 promotore
1036 2660 1159 2735 glorior,
1181 2659 1352 2736 praesertim

229 2763 266 2822 ad
287 2762 329 2822 'le
350 2764 458 2838 retem,
480 2783 527 2823 me
547 2771 615 2824 ante
635 2767 723 2824 ferias
745 2767 872 2825 aestivas
893 2784 1023 2824 summos
1044 2766 1075 2823 in
1094 2765 1258 2825 litterarum
1279 2765 1352 2824 clas·

229 2871 354 2930 sicanrm
375 2871 531 2948 disciplina
552 2872 676 2931 honores
697 2872 851 2949 consequi3
869 2891 937 2930 nam
954 2877 1069 2948 praeter
1086 2872 1200 2930 solitam
1218 2890 1350 2947 operam,

204 2965 206 2969 ¹
229 2993 318 3052 quam
345 2979 524 3051 promotores
549 2975 702 3051 discipulis
725 2976 787 3034 suis
808 2981 972 3052 praestant,
994 2983 1024 3036 et
1044 2996 1132 3053 quam
1152 2977 1225 3035 mihi
1246 2977 1301 3035 hae
1320 2977 1352 3034 in

229 3100 262 3141 re
287 3082 368 3158 large
396 3082 579 3159 praebebas,
597 3083 673 3141 banc
701 3082 935 3141 dissertationem
956 3083 1037 3140 brevi
1057 3088 1188 3158 tempore
1207 3082 1352 3155 corrigere

230 3185 364 3262 voluisti;
395 3186 455 3260 Tu,
485 3204 663 3263 quamquam
694 3186 759 3244 aliis
790 3186 920 3244 muneris
951 3186 1054 3244 officiis
1084 3186 1240 3245 obstrictus
1271 3203 1351 3258 eras,

230 3308 346 3367 semper
372 3290 465 3350 Tuam
496 3291 657 3350 doctrinam
687 3296 775 3368 atque
807 3290 1015 3365 benignitatem
1045 3289 1189 3365 discipulo
1220 3295 1351 3365 paratam

230 3394 364 3454 habebas.
396 3396 508 3454 Iterum
538 3401 626 3472 atque
656 3395 763 3454 iterum
793 3395 901 3469 gratias
931 3411 994 3468 age.
1026 3392 1177 3451 Praeclara
1208 3411 1278 3468 erga
1304 3411 1352 3450 rue

229 3499 332 3558 merita
362 3500 496 3576 pluribus
527 3500 623 3559 verbis
654 3500 794 3559 extollere
824 3516 882 3556 non
914 3498 1011 3556 decet:
1044 3496 1162 3554 illorum
1191 3496 1351 3555 recordatio

231 3620 347 3680 semper
365 3604 438 3662 mihi
459 3604 514 3662 erit
534 3604 711 3663 dulcissima.

270 3707 341 3765 Viro
369 3707 538 3766 doctissimo
558 3708 590 3766 P.
611 3709 645 3766 A.
666 3706 771 3779 Traia,
793 3706 843 3782 qui
865 3711 910 3765 est
930 3704 1126 3763 Bibliothecae
1146 3704 1351 3762 Universitatis

230 3811 525 3871 Rheno-Traiectinae
542 3811 722 3886 praefectus,
740 3810 848 3868 multas
865 3827 919 3885 ago
934 3809 1043 3883 gratias
1053 3827 1105 3884 pro
1116 3808 1227 3867 liberali
1238 3807 1350 3878 animo,

231 3931 289 3990 quo
319 3932 377 3973 non
405 3915 501 3973 solum
527 3919 611 3972 antea
632 3913 684 3972 sed
705 3913 850 3989 imprimis
871 3914 926 3971 hoe
947 3913 1081 3989 proximo
1101 3930 1177 3970 anno
1198 3911 1351 3970 thesauros

184 4025 186 4030 '
231 4017 429 4077 Bibliothecae
450 4019 480 4076 in
503 4036 598 4077 meum
620 4036 708 4076 usum
729 4018 850 4094 aperuit.
