3090 5004
803 485 845 544 33

266 664 315 729 τδν
339 663 426 729 το’πον
449 664 593 746 ὑπάρχειν
617 665 661 743 μὴ
685 664 770 743 μθνον
790 667 929 747 θεοπρεπῆ
948 666 1093 741 αατθοτδν
1105 667 1249 749 πρόσοψιν.
1263 670 1333 733 XI:
1350 671 1392 734 89

267 779 286 860 ἓ
318 781 338 842 8
370 780 399 842 ἐν
430 778 517 858 πεδίῳ
549 779 706 858 θεοπρεπεῑ,
738 778 1172 866 ο1.θεοπρέπειααρῑιᾶθιιω
1197 783 1228 844 V
1251 785 1293 846 43
1318 783 1337 864 ἓ
1362 785 1393 866 2,

266 890 337 954 XI:
352 892 395 955 89
420 893 439 973 ἓ
465 893 493 955 5.

268 1006 346 1087 (soil.
383 1001 459 1088 θρα).
494 1005 617 1070 Aestas.
649 1007 741 1071 Pind.
771 1007 883 1072 Isthm.
914 1007 947 1071 II
961 1031 967 1070 :
981 1009 1033 1071 41.
1057 1008 1176 1074 Herod.
1200 1009 1237 1072 I:
1254 1010 1316 1073 189
1339 1007 1392 1082 τδν

268 1114 368 1198 θερείην
410 1119 513 1182 πῖοσαν
555 1116 711 1200 διέτριψαν.
751 1120 865 1202 Polyb.
902 1121 1019 1184 30:31
1056 1121 1235 1205 (1:2527),
1271 1124 1335 1184 44:
1352 1122 1392 1185 18

267 1229 469 1314 (1:36:10),
502 1232 598 1295 7125
631 1231 803 1314 (1:5o:8)
827 1237 858 1297 et
880 1233 956 1297 alibi
979 1236 1108 1318 passim.
1132 1233 1262 1299 Diodor.
1285 1233 1392 1299 XIX:

269 1344 310 1406 58
324 1345 364 1407 :6
400 1344 429 1407 ἕν
464 1342 560 1426 ταθτῳ
591 1353 628 1426 τῇ
658 1345 757 1428 θερείῳ,
787 1346 893 1410 XIX:
909 1349 950 1411 79
966 1348 1005 1411 :l
1030 1355 1084 1421 τῆς
1107 1346 1133 1411 δ’
1158 1348 1254 1422 αὐτῆς
1277 1347 1392 1427 θερείας,

267 1457 337 1522 HI:
352 1460 394 1521 24
408 1459 447 1522 :l
484 1458 539 1522 ὑπὸ
572 1457 625 1531 τὴν
657 1458 770 1540 θερείαν.
802 1460 902 1525 Attici
926 1461 1039 1525 dicunt
1063 1458 1172 1542 θερινός,
1198 1463 1284 1545 quod
1307 1462 1394 1527 haud

268 1571 415 1656 ignotum
447 1572 593 1657 Polybio,
627 1573 664 1636 cf.
700 1574 785 1637 515:
802 1573 842 1636 16
876 1573 937 1656 Νι
953 1575 992 1638 91
1008 1595 1014 1638 :
1031 1575 1060 1655 1)
1092 1580 1123 1639 et
1156 1574 1242 1658 alibi,
1264 1574 1393 1641 Diodor.

269 1683 306 1748 I:
322 1685 362 1749 36
388 1685 407 1767 5
431 1687 450 1748 2
476 1691 537 1750 oet.

119 1795 315 1878 σπιῳδεῖν.
358 1797 526 1864 Vatice'oor.
560 1800 675 1865 Aeseh.
711 1802 824 1885 Agam.
860 1801 955 1864 1161.
991 1803 1154 1886 Aristoph.
1188 1802 1272 1866 Plut.
1311 1803 1330 1865 9
1364 1800 1394 1874 ὃς

269 1911 422 1992 θεσπιῳδεῖ
453 1913 492 1978 de
525 1914 685 1998 Apolline,
715 1914 753 1978 cf.
785 1915 887 1979 Schol.
921 1913 1148 1996 ἕτραῳιαεθσατο
1171 1923 1207 1995 τῇ
1231 1913 1337 2006 Φροὶσει
1362 1922 1393 1980 et

268 2045 298 2087 v.
332 2025 360 2089 d.
394 2026 500 2090 Sande
534 2027 635 2091 Bakh.
667 2027 716 2093 De
747 2028 859 2093 Perod.
890 2051 941 2114 pg.
967 2031 1039 2094 183.
1064 2068 1106 2077 —
1130 2030 1183 2094 Sic
1204 2032 1239 2093 in
1263 2030 1393 2094 elatiore

267 2139 337 2203 loco
361 2145 472 2205 auctor
493 2140 634 2205 Aniochi
656 2142 753 2224 3711),
777 2142 853 2206 alibi
873 2145 908 2206 in
928 2163 1022 2228 prosa
1040 2163 1103 2207 non
1123 2145 1243 2207 inveni.
1263 2142 1392 2207 Diodor.

268 2249 369 2314 XVI:
385 2252 426 2314 26
462 2253 480 2334 §
513 2253 531 2315 6
563 2253 729 2333 θεσπιῳδεῖν
760 2253 790 2316 δὲ
813 2254 846 2317 τὸ
869 2253 996 2334 ἀρχαῖον
1020 2254 1142 2333 ιε’νεται
1166 2253 1330 2335 παρθένους,
1355 2256 1393 2320 de

269 2365 399 2429 oraculo
423 2363 587 2449 Delphico.
610 2404 652 2413 —
675 2366 782 2431 Attice
802 2368 922 2432 dixeris
941 2367 1137 2444 μαντεύεσθαι
1150 2374 1181 2434 et
1191 2368 1389 2448 χρησμῳδεῖν.

176 2521 183 2537 .
270 2477 368 2543 Αοαο.
401 2478 496 2543 Hom.
532 2490 554 2542 B
593 2482 666 2563 382,
697 2487 727 2543 N
759 2481 823 2543 475
855 2486 888 2544 et
909 2481 995 2563 alibi,
1017 2482 1132 2546 Aesch.
1156 2483 1271 2565 Agam.
1298 2482 1392 2544 1262.

266 2589 377 2677 Eurip.
409 2591 509 2658 Orest.
545 2594 638 2658 1036.
668 2594 832 2678 Aristoph.
856 2593 937 2658 Ran.
961 2596 1025 2658 815
1050 2594 1185 2672 θθνοντος
1210 2593 1329 2666 θδθνπας
1354 2594 1393 2658 de

266 2704 421 2791 Euripide
451 2711 486 2772 in
509 2710 682 2773 certamine
704 2728 778 2773 eum
802 2708 964 2789 Aeschylo
988 2708 1105 2791 habito,
1129 2708 1198 2772 loco
1223 2707 1280 2772 ubi
1301 2708 1393 2772 Aris-

267 2820 422 2904 tophanes
464 2822 665 2907 magnificam
700 2822 855 2904 Aeschyli
891 2823 1063 2887 dictionem
1096 2823 1250 2905 imitatur,
1284 2824 1393 2907 magni

159 2933 166 2946 '
267 2934 418 3017 ponderis
449 2934 546 2999 verba
577 2954 762 3019 congerens,
792 2936 830 2999 cf.
852 2956 881 2999 r.
906 2935 935 2999 d.
957 2934 1062 3000 Sande
1084 2935 1185 2999 Bahh.
1208 2934 1257 3000 De
1279 2935 1393 3015 Parod.

267 3067 318 3130 pg.
343 3047 415 3111 148.
439 3047 545 3112 Sensu
567 3048 780 3132 metaphorico
805 3069 863 3132 pro
891 3048 1084 3133 „instigare”
1108 3054 1247 3113 utuntur
1268 3055 1393 3132 poetae,

267 3160 305 3224 of.
335 3160 427 3224 Pind.
458 3160 505 3224 Ol.
536 3160 656 3243 X:20,
686 3161 802 3226 Aesch.
826 3161 936 3226 Prom.
961 3162 1023 3225 311
1050 3166 1081 3224 et
1103 3161 1250 3246 Xenoph.
1276 3161 1392 3244 Cyrop.

267 3273 303 3337 I:
318 3276 337 3337 2
352 3297 359 3338 :
375 3275 425 3358 10,
454 3275 491 3339 Ι;
507 3275 525 3337 6
540 3298 547 3338 :
561 3276 614 3358 41,
637 3280 669 3340 et
691 3275 775 3340 alibi.
798 3275 885 3339 Ante
908 3274 1156 3357 Xenophontem
1180 3273 1271 3338 verbi
1293 3274 1392 3338 huius

268 3409 370 3453 unum
391 3390 576 3473 exemplum
595 3391 629 3453 in
648 3383 744 3474 prosa
755 3394 844 3453 extat
856 3389 940 3473 apud
952 3387 1208 3452 Alcidemantem
1222 3392 1391 3471 oratorem,

268 3504 324 3585 qui
336 3502 375 3566 ab
386 3503 559 3567 Aristotele
569 3501 660 3566 Rhet.
670 3501 719 3565 IH
733 3524 739 3564 :
753 3504 772 3565 3
787 3524 793 3564 :
808 3503 826 3564 2
841 3501 881 3565 ob
892 3502 980 3564 hunc
993 3503 1100 3585 ipsum
1112 3520 1209 3565 usum
1222 3502 1392 3585 reprehen-

268 3616 363 3679 ditur.
385 3615 501 3680 Postea
523 3635 604 3680 usus
627 3620 675 3679 est
697 3613 857 3678 Diodorus
878 3614 916 3678 ef.
936 3614 1061 3678 111235
1084 3614 1102 3695 ξ
1124 3616 1143 3677 3
1163 3613 1303 3695 ῥινθαερος
1316 3663 1323 3678 .
1338 3662 1345 3677 .
1361 3663 1390 3680 ..

267 3729 300 3792 τδ
334 3725 389 3805 μὲν
422 3727 507 3808 κε’ρας
541 3727 610 3808 πρός
643 3750 710 3791 τινα
740 3731 797 3791 τῶν
828 3732 937 3809 πετρῶν
970 3726 1058 3806 θθνει.
1088 3767 1129 3776 -
1153 3730 1253 3794 Attici
1279 3730 1390 3794 dicunt

266 3842 374 3906 οὶκονοῖν
397 3849 429 3908 et
452 3845 628 3923 παρακονῖιν.

117 3962 257 4037 ραῦμα.
283 3956 520 4040 Ενοιῳνιοννθνιια.
543 3957 658 4021 Aesch.
683 3955 771 4021 Pers.
797 3958 873 4039 425,
897 3976 956 4021 nec
981 3956 1057 4021 olibi
1077 3959 1208 4022 invenio
1228 3955 1391 4021 anteDio·

268 4073 392 4149 derum,
422 4071 460 4135 cf.
492 4071 544 4134 III
568 4072 607 4134 12
632 4072 652 4153 ἓ
676 4070 695 4133 6
719 4068 760 4134 τοὶ
782 4068 994 4148 λατομούμενα
1020 4068 1188 4148 θραθμοιτα,
1213 4068 1331 4132 XVII:
1347 4068 1388 4130 20

269 4185 288 4265 ξ
313 4187 331 4248 5
355 4189 406 4249 τοῦ
432 4183 597 4264 θραθματος
621 4185 699 4267 (scil.
723 4191 776 4257 τῆς
796 4182 1013 4269 ἐπιδορατίδος)
1028 4181 1286 4256 οὶποπνδθσαντος.
1299 4180 1390 4245 Oete-

268 4320 341 4364 rum
362 4298 451 4381 θραθα
475 4302 580 4365 Attice
603 4303 681 4366 sotis
703 4306 826 4383 notum,
849 4304 880 4364 et
901 4299 1071 4362 fortuitum
1093 4300 1181 4380 puto,
1203 4294 1290 4378 quod
1313 4294 1388 4359 sub·
1431 4383 1433 4387 ¹

1272 4403 1290 4454 3
