3082 5002
740 477 778 540 31

195 661 315 744 ρόροοιτι
346 663 455 727 Attica
485 666 562 726 sunt
588 658 718 742 ἔμφρων,
744 661 837 740 ὑγιής,
868 659 1023 743 φρόνιρόος,
1049 659 1176 734 συνετός,
1200 665 1324 747 poetica

201 775 339 857 ἕτόφρων,
370 775 410 840 of.
440 797 465 837 τ
496 778 569 858 242,
601 780 627 854 ψ
661 777 711 859 12,
734 781 765 841 et
795 773 953 856 πολύφρων
980 777 1068 860 quod
1091 781 1139 840 est
1162 777 1323 860 epitheton

201 889 319 970 Ulyxis
343 893 374 952 et
400 887 544 953 Volcani.

746 1523 779 1578 Z.

10 1722 138 1805 ζόφος.
204 1723 320 1807 Oulmo.
346 1722 510 1787 Tenebrae.
534 1721 666 1786 Hesiod.
691 1722 778 1787 Sout.
804 1725 877 1789 227.
902 1723 1033 1787 Pinder.
1057 1724 1170 1789 Isthm.
1190 1725 1259 1788 IV:
1277 1726 1326 1808 18,

202 1837 229 1901 δ’
252 1830 292 1900 eui
314 1834 394 1913 μετόν
417 1833 562 1914 χειμέριον
585 1834 703 1899 ποικίλοι
726 1839 825 1912 μηνῶν
848 1833 940 1917 ζόφον
965 1837 1046 1915 χόόον
1071 1832 1126 1900 ὧτε
1148 1836 1326 1917 φοινικέοισιν

201 1946 322 2023 όνόνοεν
344 1946 440 2029 ῥόδοις.
464 1948 626 2013 Homerus
649 1951 779 2033 passim.
807 1987 848 1996 -
872 1949 987 2031 Polyb.
1012 1952 1073 2015 987
1091 1953 1154 2013 :14
1177 1949 1325 2033 (xviim

202 2065 243 2128 tl:
259 2063 289 2146 7)
315 2059 390 2125 τόντε
413 2059 462 2124 διό
483 2061 539 2125 τόν·
555 2060 712 2141 ε’φεττῶτοι
734 2059 825 2141 ζόφον
849 2061 926 2138 μηδὲ
948 2061 1015 2134 τοὺς
1038 2062 1067 2125 ἐν
1091 2060 1161 2126 noel
1185 2061 1326 2126 δόνοιτόοιι

202 2173 334 2253 βλότειν.
358 2175 465 2239 Attice
491 2172 615 2253 κνέφος.

10 2289 168 2371 ζωστήρ.
207 2288 386 2372 bbupulum.
417 2288 514 2352 Hom.
545 2289 674 2372 passim.
704 2287 859 2354 Herodot.
891 2288 1016 2361 1:215,
1045 2289 1157 2375 ivm,
1187 2289 1259 2354 IX:
1276 2290 1326 2354 74.

204 2403 334 2468 Pindur.
354 2403 415 2487 irg.
441 2405 504 2468 172
526 2401 580 2466 xe>
604 2401 685 2480 μετόν
703 2401 854 2483 ζωστῆρος
874 2401 1042 2483 Ἀμαζόνος
1065 2397 1158 2478 ἦνιόεν,
1172 2406 1219 2468 sio
1231 2406 1326 2469 etiam

206 2517 245 2581 de
268 2516 381 2581 balteis
405 2516 608 2580 Amazonum
627 2515 759 2581 Diodor.
782 2517 851 2580 IV:
869 2519 909 2579 16
934 2518 952 2599 5
981 2519 1007 2600 l,
1028 2520 1046 2579 2
1068 2522 1100 2582 et
1117 2520 1147 2580 4.
1174 2516 1327 2581 Omnium

205 2651 268 2695 usu
298 2631 413 2695 teritur
441 2628 526 2710 ζόνν.
552 2668 595 2676 -
618 2628 731 2710 ζοοτόρ
755 2636 803 2695 est
826 2631 911 2719 apud
934 2631 1187 2715 Theophrastum
1210 2631 1252 2695 Η.
1277 2630 1327 2696 Pl.

204 2745 253 2808 IV
267 2746 305 2808 :6
334 2743 459 2809 huticis
489 2763 601 2829 genus,
628 2748 660 2809 et
689 2745 774 2828 apud
798 2743 1045 2832 Xenophontem
1073 2744 1160 2810 Hell.
1184 2745 1237 2808 V:
1253 2747 1268 2807 1
1286 2746 1326 2808 :9

206 2877 324 2922 nomen
347 2857 418 2921 loci.

749 3419 786 3475 ll.

10 3619 187 3698 ἦλόβοοτο
198 3643 221 3692 ς.
246 3619 353 3686 Altus.
375 3620 588 3702 Peueruptus.
609 3619 753 3698 ἦλόβοοτος
771 3619 860 3700 τέτρν
873 3626 922 3686 est
933 3619 1208 3704 apudHOmerum
1222 3621 1327 3684 0619

208 3753 227 3798 ιι
251 3736 291 3797 88
316 3739 348 3799 et
370 3734 457 3799 alibi.
480 3735 574 3800 Pind.
599 3733 649 3798 Ol.
672 3734 798 3800 V1264
822 3734 975 3816 Aeschyl.
995 3733 1107 3818 Suppl.
1129 3733 1328 3817 eounmip.

211 3852 250 3910 80
282 3849 319 3920 ὥς
347 3844 382 3922 ἐξ
409 3846 561 3925 όονιιβοότον
589 3846 698 3927 πέτρος
725 3846 800 3929 ὑγρόν
822 3845 924 3928 όέονοοι
946 3846 1077 3925 οτοινόν,
1102 3849 1256 3918 όότοινοτος
1281 3843 1329 3910 ἀεὶ

208 3957 291 4038 νόον.
315 3962 402 4026 Ante
420 3961 595 4043 Polybium
612 3962 808 4046 pedestrium
831 3961 920 4025 solus
937 3959 1120 4044 Xenophon
1138 3960 1199 4023 hoe
1218 3959 1329 4023 Ionioo

209 4074 363 4140 vocabulo
385 4095 464 4139 usus
487 4081 544 4158 est,
568 4075 607 4139 ef.
631 4074 735 4139 Anah.
759 4075 886 4138 1:424
909 4072 1012 4153 τέτροιι
1035 4072 1188 4150 ἧλόβοιτοιι.
1214 4072 1329 4154 Polyb.

157 4173 159 4176 ’
211 4188 351 4252 668326
379 4187 440 4270 (Ν
453 4211 460 4250 :
473 4189 513 4251 41
530 4171 581 4269 29)
613 4186 694 4252 τότοι
719 4186 933 4264 όλόβοιτοο-
958 4187 1065 4251 Attice
1085 4182 1211 4264 ὑψηλός,
1235 4182 1330 4264 όρόιος,

208 4300 377 4384 τροςνόντνς,
397 4300 559 4380 ἀπότομος,
576 4300 782 4380 ἀπόκρημνοςς
802 4298 1065 4386 poetioealyhub
1077 4296 1177 4372 νότιός,
1189 4295 1330 4371 οιότεινός.
