3082 5002
804 537 845 598 53

275 736 368 800 prose
406 736 470 780 non
506 717 570 801 legi
599 723 673 782 aute
702 717 888 784 Diodorum.
922 720 1069 786 Occurrit
1099 723 1183 806 apud
1208 723 1395 807 Sophoclem

275 829 352 894 cen.
374 830 454 895 Rex.
481 833 565 895 1493
590 831 635 903 τις
658 832 845 913 euenum
873 837 966 918 „quis
986 835 1237 901 nemineum
1251 836 1395 921 theoph.
1506 811 1508 816 ’

273 943 331 1028 frg.
367 945 432 1007 499
466 943 602 1021 ε’μπολοὶς
637 945 887 1026 παραρρίπποντες.
923 948 1016 1013 Diod.
1049 948 1155 1012 XIII:
1171 950 1212 1013 79
1247 951 1266 1031 §
1302 951 1322 1012 2
1356 948 1397 1012 rol

274 1051 404 1133 σώματα
427 1062 490 1128 τοῖς
513 1055 649 1130 κινδύνοις
671 1056 929 1139 παραρριππθντον.

120 1168 395 1247 ’paupercule
435 1169 550 1253 Comes,
572 1151 639 1251 'qui
673 1191 694 1235 α
728 1171 825 1236 latere
854 1176 945 1236 stans
974 1172 1069 1253 clipeo
1098 1173 1243 1238 munitus
1258 1179 1395 1257 puplici.

273 1281 387 1346 Acsch.
420 1282 478 1366 frg.
516 1284 589 1367 309,
623 1283 732 1368 Eurip.
768 1283 854 1366 Oyel.
887 1285 905 1346 6
938 1290 970 1349 et
999 1285 1092 1366 alihi3
1125 1287 1210 1370 apud
1233 1288 1395 1351 neminem

273 1395 372 1460 alium
396 1398 536 1461 occurrit
559 1402 633 1462 aute
656 1396 834 1462 Diodorum
856 1398 908 1461 V:
924 1400 965 1461 29
990 1399 1008 1479 ξ
1035 1401 1053 1461 2
1077 1397 1202 1477 ἡνιόχοις
1225 1397 1274 1462 καὶ
1298 1421 1396 1479 παρα-

272 1515 422 1581 σπισταῖς.
450 1509 594 1574 Conferri
616 1515 722 1595 potest
744 1509 928 1591 παραιβάτις
951 1514 986 1575 in
1008 1511 1208 1577 Praefatione
1230 1532 1310 1576 mea.

120 1620 320 1702 αραοθριο.
346 1623 389 1687 1ιν
416 1623 552 1688 medium
574 1624 674 1690 traho.
699 1625 849 1707 Aeschyl.
872 1625 977 1689 Prom.
1004 1626 1099 1706 1065,
1123 1626 1216 1710 Soph.
1239 1626 1306 1710 frg„
1322 1627 1395 1690 899.

272 1735 371 1819 Apud
401 1737 480 1801 elios
504 1756 569 1800 non
589 1739 756 1802 Invenitur
778 1744 851 1802 ante
874 1737 1057 1821 Polybium,
1082 1741 1145 1802 934
1160 1741 1198 1802 :1
1226 1738 1319 1821 (XVI
1333 1761 1339 1802 :
1353 1741 1394 1802 4:
1471 1741 1475 1748 '

275 1852 328 1934 14)
360 1849 573 1931 παρασύρονπες
603 1855 659 1914 τῶν
682 1850 828 1928 πολεμίων
851 1850 917 1923 τοὺς
941 1849 1073 1932 οαροοθς,
1100 1852 1191 1934 (alibi
1212 1852 1249 1916 cf.
1276 1853 1339 1916 933
1353 1856 1395 1917 :8

273 1963 486 2048 (XVI:4:5)
521 1967 625 2042 utitur
658 1965 816 2047 Polybius
850 1967 910 2030 hoc
944 1985 1042 2030 sensu
1076 1963 1239 2048 παραλθο).
1271 1964 1396 2030 Deinde

272 2097 353 2141 usus
385 2083 434 2141 est
456 2076 618 2141 Diodorus
640 2077 712 2141 XI:
729 2079 769 2141 18
795 2079 814 2159 ἓ
839 2079 857 2140 5
882 2073 918 2140 ὧν
942 2074 973 2140 δὲ
994 2077 1061 2149 τοὺς
1083 2076 1206 2157 ταρσοὺς
1229 2075 1394 2157 παρέσυρον,

272 2191 450 2255 XVII:55
483 2193 502 2273 ἓ
533 2193 563 2274 4,
595 2194 636 2255 58
668 2192 686 2272 §
712 2194 741 2275 5,
763 2191 923 2254 XIII:16
949 2192 968 2272 ξ
993 2192 1021 2254 5.
1045 2190 1193 2255 Ceterum
1215 2191 1396 2256 conferatur

274 2304 326 2368 hic
349 2306 449 2369 index
473 2325 497 2369 s,
519 2325 549 2368 v.
572 2302 712 2384 θναούριο.

120 2417 327 2499 ιρενπρεπί
333 2417 353 2499 ζ
360 2441 390 2480 ον.
422 2418 562 2499 Appuro.
592 2419 699 2483 Attice
730 2415 952 2498 παραοκεοθζω.
976 2417 1048 2482 Ηοο
1070 2420 1282 2501 compositum
1305 2417 1396 2482 verbi

274 2532 350 2595 satis
380 2533 450 2595 noti
482 2536 556 2595 unte
579 2530 752 2612 Polybium
777 2536 902 2594 tuntum
926 2530 975 2595 bis
1001 2531 1086 2614 apud
1107 2529 1295 2615 Euripidem
1318 2532 1396 2616 legi-

272 2651 334 2728 tur,
368 2644 406 2709 cf.
438 2645 540 2729 iphig.
569 2644 661 2708 Paur.
695 2645 758 2707 725
781 2650 813 2708 et
837 2643 1020 2725 Cycl'594.
1043 2643 1158 2707 Forma
1183 2644 1287 2709 medie
1309 2644 1396 2728 apud

271 2758 444 2839 Polybium
466 2763 515 2822 est
535 2759 598 2821 532
613 2779 620 2820 :
635 2759 676 2821 23
698 2757 739 2839 (V
753 2779 759 2820 :
775 2758 838 2820 108
853 2778 860 2819 :
874 2759 914 2838 4).
934 2756 1079 2821 Verbum
1092 2758 1230 2840 simplex
1241 2756 1394 2837 εὐπρεπιξον
1472 2809 1475 2813 .

271 2874 306 2934 in
329 2873 429 2936 veteri
450 2891 545 2954 prosu
567 2890 634 2934 non
656 2873 764 2934 minus
789 2890 886 2954 quem
908 2872 998 2954 poesi
1021 2869 1197 2934 adhibetur.

120 2986 269 3062 νθιμος.
307 2985 495 3049 Ιαιοέοιοεαε.
518 2984 589 3048 Ηοο
613 2985 807 3048 adiectivum
830 2986 865 3047 in
887 3004 982 3067 prosa
1005 2984 1112 3048 Attice
1133 3004 1200 3048 non
1223 2986 1396 3068 invenitur,

121 3104 125 3111 '
271 3100 409 3163 occurrit
433 3100 518 3182 apud
540 3098 740 3179 Aeschylum
763 3097 870 3181 Suppl.
897 3098 970 3180 549,
992 3096 1179 3180 Euripidem
1199 3097 1307 3180 Suppl.
1332 3098 1394 3160 973

271 3220 302 3277 et
332 3213 408 3277 alibi
437 3213 523 3296 apud
555 3212 702 3277 eundem.
726 3212 928 3275 Pedestrium
952 3212 1076 3294 primus
1100 3212 1203 3273 utitur
1225 3208 1396 3292 Diodorum

271 3326 308 3390 cf.
339 3326 408 3390 XI:
424 3327 464 3388 57
496 3328 515 3408 §
540 3329 559 3389 3
582 3323 705 3402 πενθίμνι
729 3325 823 3400 ἐσθῆς,
846 3323 950 3386 XIII:
966 3323 1028 3386 101
1055 3324 1073 3404 ξ
1097 3324 1115 3385 5
1140 3320 1329 3398 παρελθόντες
1352 3321 1392 3393 εἰς

270 3437 323 3510 τὴν
345 3437 502 3511 ἐκκλησίαν
525 3439 554 3501 ἐν
577 3437 731 3515 πενθίμοις.
756 3437 828 3501 Ηοο
851 3456 949 3501 seusu
972 3437 1072 3500 Attici
1095 3436 1205 3499 dicunt
1225 3434 1333 3512 μέλας,
1354 3436 1391 3499 of.

271 3550 389 3628 μέλανα
420 3550 528 3629 ι’μθτια
554 3551 637 3616 Xon.
660 3551 784 3616 Hellen.
808 3553 844 3615 l:
861 3553 878 3614 l
894 3554 935 3615 :8
958 3553 991 3615 in
1016 3552 1126 3616 eadem
1149 3553 1331 3614 narratione
1355 3552 1394 3616 de
1492 3552 1502 3571 ‘

271 3685 381 3749 pugne
403 3666 443 3730 ad
466 3665 646 3750 Arginusas
670 3665 760 3728 fucta.
786 3702 828 3711 —
851 3663 1000 3728 Ceterum
1023 3666 1159 3735 πενθικῶς
1179 3665 1264 3749 apud
1283 3663 1393 3728 Xeno-

180 3758 183 3762 *
270 3779 422 3863 phontem
445 3783 494 3842 est
518 3778 631 3861 Cyrop.
655 3777 707 3839 V:
722 3779 761 3840 2:
777 3778 805 3840 7.

121 3889 336 3970 πνιιμένος.
361 3890 514 3955 01πιέο.

120 4005 249 4088 ριέπο.
274 4004 365 4070 θανο.
389 4005 534 4069 Ionicum
559 4004 695 4069 verbum
718 4009 796 4088 puto
820 4003 859 4068 ob
879 4003 1176 4087 frequentissimum
1199 4023 1295 4067 usum
1308 4003 1394 4087 apud

269 4121 478 4197 Herodotum,
512 4121 597 4204 apud
628 4120 706 4184 alios
736 4119 856 4184 frustra
884 4121 1057 4203 quaeritur.
1082 4117 1126 4181 cf.
1149 4099 1266 4181 Herod.
1291 4116 1394 4198 1:73,

272 4237 345 4316 115,
368 4234 421 4298 H:
437 4234 488 4318 69,
510 4233 583 4316 169,
601 4232 685 4296 VII:
701 4234 773 4315 181,
792 4252 886 4316 porro
905 4227 1394 4311 1011111111πρνχέιοςπεριὲΦθνιοαν

271 4347 389 4429 (Attice
413 4348 511 4418 κακῶς
536 4343 717 4426 διεπθθνοαν)
742 4344 843 4408 VIII:
857 4345 897 4407 27
923 4350 955 4408 et
977 4343 1061 4407 alibi.
1081 4382 1123 4390 —
1142 4342 1304 4406 Homerus
1323 4362 1394 4426 pas-
