3090 5004
797 510 839 571 47

124 698 210 757 λεῖν.
257 693 407 757 doristus
448 694 482 758 Π
516 693 607 758 verbi
642 693 779 770 βλώοκω,
816 695 935 775 (Attice
969 693 1129 778 ἔοχομοιν),
1166 698 1312 760 inusitati
1346 698 1381 759 in

254 807 387 870 dialecto
410 809 518 871 Attica
541 809 673 891 volgari.
698 807 856 890 doristus,
876 807 1046 889 Futurum,
1065 809 1247 873 Perfectum
1260 811 1380 892 passim

254 921 338 1002 apud
371 924 478 1002 poetas
510 925 694 1003 occurrunt,
717 941 735 985 e
765 921 883 1004 quibus
907 921 1046 985 sufficiat
1068 922 1180 985 afferre
1203 921 1382 985 Homerum

255 1040 290 1094 Ω
323 1034 402 1115 781,
426 1057 448 1110 y
475 1035 527 1116 44,
550 1033 726 1098 Pindarum
751 1033 797 1098 Ol.
823 1034 1381 1118 IX:71,Pyth.111:47‚V:83,

254 1145 345 1210 Nem.
377 1145 497 1229 X:ll,
529 1149 580 1230 25,
610 1149 809 1229 Aeschylum
839 1148 945 1212 Prom.
971 1149 1033 1212 236
1060 1150 1144 1232 (plus
1169 1150 1210 1212 50
1236 1149 1382 1232 exempla

255 1279 297 1324 ex
329 1260 491 1341 Aeschylo
528 1261 617 1325 affert
650 1260 789 1325 Dindorf
820 1264 854 1325 in
885 1261 1004 1326 Lexioo
1034 1262 1236 1344 Aeschyleo).
1267 1295 1304 1307 -
1328 1261 1382 1324 Ex

255 1373 471 1456 Aristophane
494 1373 669 1437 laudantur
693 1373 767 1450 μόλε
790 1374 922 1455 Lysistr.
950 1374 1044 1457 1263,
1067 1377 1152 1439 1298
1173 1377 1217 1457 (in
1239 1354 1379 1438 curminc

256 1486 383 1550 dialecti
426 1486 619 1570 Spartanae),
653 1484 776 1563 μόλετον
811 1488 999 1571 Thesmoph.
1035 1489 1121 1551 1155
1158 1490 1204 1570 (in
1241 1490 1382 1552 carmine

257 1601 389 1683 melico),
413 1598 512 1677 μόλοις
536 1601 723 1684 Thesmoph.
750 1601 834 1663 1146
859 1603 903 1683 (in
927 1621 1021 1664 carm.
1043 1602 1134 1682 mel),
1155 1601 1382 1683 adnoLysistr.

258 1714 320 1776 743
352 1714 397 1791 (in
428 1732 523 1776 versu
555 1713 747 1796 tragoediam
771 1714 936 1796 imitante),
960 1710 1098 1790 μόλωμεν
1122 1713 1230 1797 Equit.
1256 1715 1307 1797 21,
1331 1715 1383 1795 22,

257 1827 308 1907 23,
332 1826 384 1906 25,
409 1824 460 1907 26,
487 1826 527 1888 73
553 1827 598 1906 (iu
622 1824 791 1888 verborum
814 1827 889 1890 lusu
914 1822 1116 1902 μόλωμεν-
1136 1825 1381 1910 αὐτομολῶμεν),

256 1938 353 2014 μολών
375 1937 455 2000 Rau.
482 1938 566 2000 1232
589 1937 735 2019 (Initium
747 1938 932 2022 Iphigeniae
943 1937 1234 2022 Tauricae),iuoaoo
1247 1938 1380 2021 Lysistr.

259 2051 322 2112 984
357 2051 401 2132 (in
437 2052 578 2114 oratione
610 2050 807 2134 Spartiatae),
838 2057 869 2116 et
898 2052 986 2116 Aves
1010 2053 1075 2116 494
1099 2054 1144 2135 (in
1169 2073 1264 2116 carm.
1289 2053 1381 2134 mel),

257 2169 359 2239 μολεῖν
382 2162 441 2246 frg.
464 2164 626 2247 Aristoph.
651 2164 700 2228 ed.
724 2164 863 2246 Blaydes
886 2185 936 2248 pg.
962 2167 1026 2229 298
1049 2165 1107 2249 frg.
1130 2167 1170 2227 57
1175 2167 1193 2228 5
1215 2165 1384 2246 („Numeri

258 2282 288 2340 et
310 2277 408 2342 verba
431 2277 581 2362 tragica”,
604 2277 705 2341 Bakh.
729 2299 779 2362 pg.
807 2278 1024 2362 198).1nfrg.
1047 2298 1125 2341 com.
1139 2280 1222 2362 apud
1235 2278 1382 2342 Meinelre

257 2391 422 2455 invenitur
453 2391 538 2474 apud
569 2391 734 2455 Cratinum
758 2391 801 2455 M.
823 2391 944 2474 11:85,
968 2391 1150 2455 Strattidem
1176 2391 1218 2454 M.
1242 2390 1384 2474 11:778,

257 2502 475 2569 Philemonem
506 2504 547 2567 M.
578 2505 645 2567 IV:
661 2505 712 2587 26,
743 2504 780 2568 cf.
806 2505 845 2569 de
868 2505 918 2568 his
942 2505 1021 2568 locis
1042 2504 1141 2567 Bakh.
1164 2525 1213 2587 pg.
1242 2504 1314 2567 105.
1339 2541 1381 2549 -

256 2615 360 2680 Semel
390 2618 508 2701 legitur
537 2619 570 2681 in
602 2618 711 2681 Attica
740 2638 843 2702 prosa,
874 2617 1023 2701 Xenoph.
1054 2616 1159 2681 Anah.
1182 2617 1266 2680 VH:
1284 2618 1299 2679 l
1317 2639 1324 2680 :
1342 2619 1382 2680 32

255 2731 290 2793 in
314 2730 420 2794 verbis
446 2731 587 2795 Thebani
611 2731 788 2795 cuiusdam.
814 2770 854 2778 —-
880 2731 1040 2796 Omnibus
1063 2733 1143 2796 locis
1166 2732 1289 2795 collatis
1312 2731 1384 2795 Bis-

257 2843 353 2926 schop
376 2842 508 2908 Dissert.
532 2846 651 2909 Annot.
676 2846 715 2908 ad
738 2845 821 2910 Xon.
842 2866 892 2929 pg.
913 2847 952 2909 81
975 2851 1060 2910 recte
1079 2846 1139 2909 hoo
1152 2844 1285 2909 verbum
1300 2846 1385 2908 inter

256 2955 373 3020 Dorica
407 2959 532 3041 recepit.
569 2996 610 3004 -
645 2958 801 3039 Polybius
835 2959 975 3022 1220:4
1008 2958 1242 3040 (XXX:9:5)
1274 2957 1297 3020 εἰ
1330 2956 1385 3034 μὲν

256 3070 313 3151 γὰρ
344 3071 383 3141 εἰς
411 3070 464 3142 τὴν
488 3070 620 3150 aurelia
643 3077 745 3148 μολεῖν
767 3070 913 3149 ἐπεθύμει,
939 3072 996 3136 ubi
1020 3072 1211 3153 Polycrates
1233 3069 1380 3133 Rhodius

257 3185 394 3267 loquens
416 3184 591 3248 inducitur.

124 3295 277 3370 νόλνθοο.
310 3296 365 3360 Ενο
394 3316 459 3360 uuo
488 3296 591 3376 ῐομὶοῐο
621 3297 738 3378 fuctus.
765 3297 844 3361 Post
864 3297 1066 3362 Herodotum
1089 3295 1221 3358 11:175
1247 3295 1385 3359 occurrit

257 3411 342 3494 apud
365 3408 544 3474 Diodorum
568 3409 661 3473 1:46
687 3411 706 3491 ᾗ
729 3411 758 3493 1,
782 3411 822 3473 47
849 3411 868 3491 b
893 3411 923 3492 2,
947 3411 988 3472 59
1013 3410 1031 3490 6
1056 3411 1086 3492 4,
1110 3408 1150 3471 66
1176 3409 1195 3489 §
1222 3410 1251 3470 4.

125 3520 307 3600 νκνθμός.
340 3522 496 3604 Muyitus.
527 3522 615 3586 Mene
645 3521 814 3586 fortuitum
836 3522 965 3585 videtur
987 3541 1047 3585 nec
1069 3518 1223 3598 μνκνθμόν
1246 3539 1305 3585 nec
1327 3517 1385 3598 μύ-

259 3656 345 3711 κνμοι
367 3636 402 3698 in
424 3654 518 3718 prosa
542 3654 709 3698 occurrere
733 3639 806 3699 ante
829 3633 1004 3716 Polybium
1017 3636 1101 3697 839:
1117 3637 1135 3698 9
1148 3633 1228 3716 (XII
1241 3655 1248 3698 :
1263 3635 1304 3696 25
1320 3655 1327 3698 :
1342 3636 1385 3718 2).

259 3745 286 3808 E
310 3749 411 3829 poetis
433 3747 603 3811 videantur
625 3747 722 3811 Hom.
746 3769 780 3824 μ·
796 3747 870 3830 265,
893 3746 1005 3831 Eurip.
1027 3746 1142 3811 Bacch.
1167 3748 1240 3812 691.

124 3883 195 3929 οος.
262 3856 377 3924 Scelus.
408 3859 484 3922 Vox
513 3861 644 3943 poetica,
675 3879 756 3943 quae
786 3879 849 3923 non
875 3862 1013 3924 occurrit
1035 3861 1071 3923 in
1093 3880 1186 3944 prosa
1210 3865 1284 3924 ante
1307 3858 1384 3922 Dio·

260 3972 381 4036 dorum.
406 3971 618 4037 Conseruntur
640 3968 751 4056 poetae
774 3972 888 4036 Aesoh.
913 3972 1050 4057 Choeph.
1075 3973 1294 4057 651,Eumen.
1311 3972 1386 4053 195,

260 4088 334 4168 839,
369 4084 462 4170 Soph.
493 4091 524 4150 et
553 4086 663 4169 Eurip.
696 4122 738 4131 -
761 4084 853 4149 Diod
877 4086 968 4149 1:21
995 4087 1013 4167 §
1039 4088 1068 4169 2,
1093 4086 1134 4148 65
1158 4087 1177 4167 §
1202 4083 1383 4164 8,1V:52

260 4201 279 4282 ὅ
296 4183 328 4282 74,
347 4200 397 4263 V:
413 4201 454 4263 59
474 4199 493 4281 5
513 4202 542 4262 2.
561 4199 714 4283 Volgaria
726 4206 802 4264 sunt
813 4197 992 4279 οὶμοέρτνμον,
1005 4197 1150 4275 obbianum,
1163 4196 1243 4277 ἔργον
1257 4193 1382 4259 οὶνόσοον.

124 4313 189 4392 zet
193 4312 213 4394 ζ
221 4337 251 4381 ον.
261 4314 516 4398 interpretantur
540 4313 746 4379 Grammatici
769 4333 829 4398 per
852 4310 1004 4395 χλευάζον,
1027 4309 1203 4392 μνκτνρίζον.
1218 4349 1259 4358 -
1274 4309 1387 4391 Polyb.
