3082 5002
826 517 884 560 XIV

339 679 494 756 δνσμαί.
518 678 720 764 Quamquam
744 680 839 752 δόσεις
862 684 1010 746 usitatior
1033 685 1091 762 est,
1113 679 1228 755 δνσμαό
1248 701 1323 745 cum
1346 682 1418 744 aliis

295 792 448 857 dixerunt
469 793 562 857 Plato
584 793 701 858 Phaad.
726 814 777 878 pg.
802 793 874 877 611³,
897 794 982 858 Xen.
1006 793 1131 859 Hellen.
1155 793 1205 857 V:
1222 794 1239 856 1
1255 815 1262 857 ε
1278 795 1305 857 7.

337 904 512 985 εὐμαρῶς
543 926 608 988 non
632 908 744 991 recepi,
768 910 844 990 quia
865 908 957 971 Plato
982 907 1133 979 adverbio
1157 912 1188 972 et
1214 907 1417 972 substantivo

293 1039 374 1083 usus
396 1025 453 1102 ost,
478 1021 564 1102 quod
589 1026 696 1084 monet
718 1022 787 1104 ipse
811 1021 986 1086 Eberhard.

338 1130 469 1211 ἱμείρω
494 1134 545 1196 usi
568 1137 645 1196 sunt
671 1133 833 1217 Aristoph.
856 1133 940 1197 Nub.
964 1134 1029 1204 435
1053 1138 1083 1198 et
1104 1133 1195 1197 Plato
1216 1131 1299 1197 Crat.
1314 1131 1417 1212 41803

295 1251 342 1310 est
365 1251 472 1310 tamen
498 1247 697 1310 rarissimum
720 1248 754 1310 in
778 1247 901 1330 volgari
924 1253 1078 1311 sermone.

337 1355 463 1429 κόπος.
489 1357 533 1422 uf.
557 1358 651 1422 Plato
674 1357 750 1443 Rop.
773 1359 859 1423 VH:
875 1357 970 1442 537Β,
993 1359 1077 1423 Xon.
1097 1360 1137 1423 de
1156 1379 1190 1424 re
1209 1360 1291 1443 Equ.
1306 1359 1353 1423 IV
1368 1382 1375 1421 :
1390 1361 1418 1436 2,

295 1471 455 1554 Aristoph.
480 1471 612 1552 Lysistr.
638 1473 710 1534 541.

340 1585 475 1658 νήπιος
510 1587 649 1649 occurrit
683 1591 731 1650 ter
764 1589 798 1650 in
831 1588 989 1669 Axiocho,
1025 1588 1103 1652 eatis
1138 1588 1267 1670 quidem
1298 1589 1418 1651 recenti

295 1703 396 1763 aetate
419 1701 537 1782 scripto
560 1720 610 1783 pg.
636 1697 730 1781 3650,
755 1698 851 1781 3661),
876 1698 963 1763 367Α
987 1701 1042 1764 sed
1062 1699 1100 1763 cf.
1120 1696 1307 1779 μκδὲνεῖπρς
1320 1700 1417 1770 νόπινν

294 1813 455 1896 Aristoph.
477 1811 562 1876 Nub.
588 1813 661 1894 105,
685 1813 799 1877 deinde
821 1813 893 1876 Pac.
920 1813 1014 1876 1063.
1475 1804 1480 1811 ’

339 1931 609 2002 παλαμναῖος.
644 1924 679 1989 Si
714 1925 832 1990 Suidae
865 1925 946 1990 fides
981 1925 1135 2006 habenda,
1171 1924 1327 2006 Polybius
1357 1926 1417 1989 hac

298 2057 376 2102 voce
410 2059 490 2103 usus
525 2043 582 2120 est,
613 2038 651 2101 cf.
681 2038 751 2122 Frg.
776 2038 914 2101 Gramm.
940 2038 1005 2102 Hu.
1032 2039 1116 2101 1370
1131 2061 1138 2100 :
1153 2040 1195 2102 23
1219 2037 1334 2120 (Didot.
1358 2039 1416 2123 frg.

296 2152 348 2232 10)
372 2148 541 2234 Ἀλάστιορ]
564 2149 578 2212 ό
601 2147 632 2213 δὲ
655 2147 770 2230 ἔγραφε
792 2153 897 2230 πικρῶς
920 2148 972 2214 καὶ
991 2153 1229 2230 παραστατικῶς,
1249 2148 1417 2231 ἀλάστορας

294 2263 453 2328 ἀποκαλῶν
479 2260 532 2327 καὶ
556 2263 766 2341 παλαμναίους
789 2262 1102 2338 acernaacerna,
1128 2266 1152 2328 εἰ
1175 2261 1263 2335 οὕτως
1287 2264 1417 2344 αἰσχρῶς

293 2375 466 2456 προήσονται
497 2374 564 2447 τοὺς
598 2374 713 2448 πόπους,
746 2375 838 2454 μηδὲν
869 2374 1010 2449 παθόντες
1040 2375 1057 2449 ἢ
1083 2376 1188 2448 ἰδόντες
1212 2377 1308 2441 κακόν.
1334 2377 1417 2442 Sunt

294 2492 358 2555 duo
390 2490 547 2555 vocabula
576 2493 707 2574 poetica,
739 2491 795 2554 scd
821 2510 885 2554 non
910 2492 1004 2574 plane
1025 2493 1179 2555 inusitata
1201 2492 1235 2554 in
1259 2511 1354 2575 prosa
1377 2491 1415 2554 cf.

293 2601 430 2679 ἀλάστιορ
453 2604 537 2687 apud
560 2603 723 2668 Demosth.
746 2600 810 2682 περὶ
833 2607 922 2683 στεφ.
949 2605 968 2685 ξ
989 2605 1063 2682 296,
1084 2602 1148 2684 περὶ
1168 2626 1297 2685 παραπρ.
1310 2606 1329 2686 5
1344 2606 1416 2688 305,

294 2722 487 2793 παλαμναῖος
510 2717 545 2779 in
568 2715 716 2800 Xenoph.
740 2714 856 2799 Cyrop.
879 2715 980 2779 VIII:
996 2718 1012 2779 7
1028 2740 1035 2779 ε
1051 2718 1100 2780 18.
1198 2747 1200 2751 ’

338 2827 531 2908 πέπενρον.
562 2829 662 2892 Aliud
693 2828 895 2911 vocabulum,
925 2830 1012 2912 quod
1042 2830 1128 2895 idem
1157 2836 1257 2914 notat,
1278 2852 1342 2896 non
1367 2838 1415 2896 est

294 2943 455 3007 traditum.

338 3054 519 3135 σπινόόρ,
545 3055 582 3119 cf.
607 3056 705 3119 index
730 3075 754 3119 s.
777 3076 805 3118 v.
829 3051 983 3134 Φεψάλυξ.

339 3168 431 3245 Quod
455 3173 566 3233 contra
588 3169 689 3232 multa
711 3171 885 3251 composita
909 3189 984 3233 cum
1006 3167 1088 3232 κατόν
1110 3175 1142 3233 et
1164 3165 1198 3242 ἐξ
1218 3171 1253 3232 in
1277 3170 1413 3233 indicem

292 3285 406 3368 recepi,
438 3284 500 3348 feci
533 3282 573 3346 ob
607 3303 705 3346 usum
739 3284 944 3365 tragicorum,
978 3284 1035 3367 qui
1065 3281 1298 3366 significatione
1329 3282 1415 3347 haud

292 3403 422 3480 mutata,
446 3397 584 3462 subinde
608 3396 705 3461 verba
727 3416 798 3460 sum
823 3396 873 3460 his
896 3396 1186 3479 praepositionibus
1209 3402 1416 3480 componunt,

292 3512 375 3575 hanc
397 3511 661 3575 consuetudinem
686 3510 737 3572 hic
761 3515 793 3573 et
815 3509 881 3573 illic
902 3509 1060 3591 Polybius
1081 3515 1112 3573 et
1132 3508 1293 3574 Diodorus
1313 3513 1415 3575 secuti

292 3629 375 3689 sunt
399 3624 439 3688 ln
462 3624 540 3687 alias
563 3625 813 3707 praepositiones
836 3626 896 3688 hoc
919 3625 1082 3689 rarissime
1106 3624 1198 3687 cadit.

336 3737 461 3802 Deinde
490 3735 664 3818 vocabulis,
688 3737 727 3801 de
751 3737 871 3820 quibus
893 3737 986 3801 valde
1009 3737 1120 3801 dubito
1145 3757 1223 3801 num
1245 3737 1413 3802 fortuitum

293 3853 343 3934 sit,
365 3851 419 3915 illa
441 3851 475 3913 in
499 3851 605 3913 Attica
628 3869 722 3933 prosa
746 3870 811 3914 non
834 3851 906 3934 logi,
930 3851 954 3934 †
978 3850 1121 3934 praefixi,
1144 3851 1215 3932 alia,
1237 3852 1271 3913 in
1296 3851 1414 3934 quibus

292 3964 333 4029 ad
355 3966 463 4028 locum
485 3967 597 4047 poetae
620 3962 787 4025 cuiusdam
813 3963 976 4044 alluditur,
1000 3968 1031 4026 et
1053 3962 1115 4040 illa,
1139 3982 1222 4046 quae
1243 3963 1332 4027 falsis
1351 3964 1413 4027 lec·

291 4079 434 4143 tionibus
457 4079 607 4141 nituntur
631 4077 724 4159 signo
749 4058 924 4138 *munivi

334 4193 397 4258 Sed
433 4191 583 4256 omnibus
618 4191 668 4253 his
705 4191 888 4272 praemissis
922 4193 1045 4253 restant
1080 4192 1205 4273 semper
1239 4209 1342 4271 voces,
1374 4190 1412 4254 de

295 4306 414 4391 quibus
445 4309 480 4369 in
502 4307 625 4369 incerto
649 4304 798 4366 haereas:
822 4304 865 4366 ita
889 4322 919 4364 v.
945 4321 970 4364 c.
993 4299 1188 4382 ἀμφίστομος
1210 4322 1276 4366 non
1299 4305 1413 4387 recepi,
