3082 5002
587 519 591 527 '
710 519 732 560 X

156 685 243 766 lybio
274 691 305 749 et
335 684 475 749 Diodoro
501 684 729 768 componendo,
751 690 861 768 postea
884 685 962 747 alios
987 685 1156 767 scriptores
1180 685 1275 746 etiam

157 796 284 861 infimae
307 799 418 861 aetatis
442 798 550 861 eodem
574 799 736 880 proposito
759 798 1024 879 investigaturus.

202 910 242 974 In
273 909 413 978 diodoro
438 923 633 994 quemquam
656 910 842 973 huiusmodi
866 909 1022 973 vocabula
1045 915 1119 973 ante
1143 927 1194 972 me
1218 908 1282 972 col-

158 1023 274 1107 legisse
308 1029 364 1087 aut
393 1025 523 1087 initium
556 1022 734 1106 collegendi
763 1023 878 1087 fecisse
901 1042 966 1086 non
989 1023 1091 1099 credo,
1113 1024 1149 1085 in
1173 1020 1281 1086 Cassio

159 1137 263 1202 Dione
296 1138 363 1200 vidi
398 1135 552 1200 Cobetum
587 1136 740 1201 Mnemos.
774 1135 840 1199 VII
877 1136 961 1199 1879
996 1156 1047 1219 pg.
1081 1136 1122 1198 47
1160 1136 1283 1218 aliquot

159 1270 413 1315 commemorare.
448 1250 578 1314 Primus
611 1254 643 1314 61
677 1250 802 1328 661666,
834 1250 891 1332 qui
922 1247 961 1312 de
994 1247 1130 1333 Polybio
1165 1248 1199 1311 in
1223 1249 1282 1311 hac

158 1360 246 1447 parte
276 1365 395 1446 optime
425 1365 557 1427 meritus
588 1368 636 1427 est
661 1363 765 1446 deque
789 1364 858 1427 eius
883 1362 1063 1426 elocutione
1086 1379 1184 1444 agens
1207 1360 1281 1445 plus

161 1496 258 1558 quam
292 1482 422 1540 centum
453 1477 574 1559 poetica
604 1475 760 1538 vocabula
793 1476 1000 1555 enumeravit,
1031 1479 1080 1538 est
1110 1472 1279 1542 Eberhard

163 1586 431 1653 Observationum
461 1588 712 1669 Polybianarum
741 1587 908 1671 particula,
930 1586 1064 1651 Dissert.
1086 1586 1198 1669 Inaug.
1222 1585 1284 1650 Be

161 1701 256 1765 rolini
289 1701 373 1764 1862
401 1721 452 1784 pg.
478 1702 594 1784 9-16,
617 1721 691 1764 nam
718 1700 855 1786 11161166
879 1702 918 1765 16
942 1699 1070 1781 Polybii
1094 1700 1283 1781 elocutione,

160 1813 291 1878 Dissert.
314 1813 425 1897 inaug.
451 1813 621 1877 Universit.
644 1812 755 1897 Georg.
775 1814 858 1896 Aug.
871 1812 1065 1877 Nordbusae
1080 1813 1175 1893 1863,
1189 1811 1282 1881 suen

159 1929 198 1992 16
229 1927 357 2009 Polybii
388 1928 513 1991 dicendi
544 1946 668 2010 genere,
696 1925 831 1990 Dissert.
863 1926 976 2010 inaug.
1011 1925 1169 2010 Erlangae
1195 1927 1279 1989 1880

163 2045 282 2125 (666166
316 2042 351 2104 16
380 2041 472 2104 Actis
503 2040 586 2104 Sem.
611 2040 677 2103 Erl.
702 2039 735 2102 ΙΙ
757 2060 807 2123 pg.
834 2041 1284 2122 141-21111666666666-

163 2155 308 2218 tudinem
332 2153 459 2234 Polybii
483 2152 579 2217 verbo
599 2157 724 2216 tantum
738 2158 923 2235 memorant,
935 2152 1112 2216 Eberhardi
1123 2155 1285 2216 mentione

164 2285 228 2328 non
251 2266 342 2348 facta,
365 2272 396 2330 61
420 2265 560 2334 Κ661161·
582 2268 617 2329 16
640 2267 759 2329 eximia
783 2266 1003 2330 dissertatione
1024 2263 1234 2341 Quaestioncs
1247 2265 1285 2329 de

163 2380 342 2444 elocutione
366 2379 542 2460 Polybiane
565 2399 640 2443 cum
659 2379 821 2462 Epimetro
842 2379 880 2443 de
891 2379 993 2442 Hiatu
1004 2379 1037 2442 in
1050 2378 1142 2442 libris
1154 2377 1286 2442 Diodori

164 2492 272 2574 Siculi,
303 2492 429 2575 Lipsiae
453 2493 538 2555 1880
564 2495 683 2575 (postea
705 2493 740 2555 in
761 2491 927 2575 Leipziger
950 2491 1083 2556 Studien
1105 2491 1210 2554 11122
1234 2510 1285 2574 pg.

165 2605 351 2684 ale-320)
385 2605 468 2668 dixit
503 2605 659 2668 nonnulla
693 2605 748 2668 sed
779 2606 967 2686 neutiquam
1001 2606 1116 2685 omnia,
1140 2623 1223 2686 quae
1246 2604 1286 2666 ad

165 2717 336 2780 dictionem
370 2719 527 2800 poeticam
562 2719 750 2800 pertineant,
781 2717 1000 2780 Eberhardum
1032 2717 1186 2798 attulisse,
1217 2717 1286 2800 1666

164 2835 271 2894 tamen
294 2831 376 2893 hanc
399 2835 521 2913 partem
544 2829 732 2893 elocutionis
751 2829 948 2911 Polybianae
968 2831 1084 2916 iterum
1096 2850 1163 2893 non
1175 2832 1285 2914 attigit.

165 2941 206 3004 nt
225 2960 302 3005 sane
325 2946 410 3005 recte
430 2941 511 3005 dixit
535 2944 743 3026 „neutiquam
762 2944 870 3006 omnia
885 2942 979 3006 allata
992 2943 1092 3024 essc'’‚
1104 2943 1159 3007 sed
1171 2944 1287 3008 addere

165 3057 277 3138 potuit,
309 3057 403 3119 etiarn
436 3056 592 3118 nonnulla
623 3056 717 3119 allata
742 3074 820 3138 esse,
844 3056 884 3120 de
906 3055 1025 3139 quibus
1047 3057 1119 3120 iure
1141 3056 1287 3120 dubitare

165 3170 278 3252 possis,
301 3187 379 3231 num
404 3186 517 3232 revera
538 3170 662 3252 poetica
685 3169 736 3232 vel
760 3168 923 3232 dialectica
947 3170 1018 3232 sint.
1042 3167 1090 3232 De
1113 3169 1162 3232 116
1187 3170 1286 3252 igitur

166 3281 339 3364 vocabulis
363 3301 445 3365 quae
468 3283 548 3345 mihi
572 3301 636 3345 non
658 3283 781 3365 poetica
801 3282 959 3364 videntur,
972 3282 1028 3345 sed
1047 3281 1087 3344 ab
1099 3281 1283 3346 Eberhardo

165 3395 209 3456 ita
243 3396 452 3477 accipiuntur,
484 3414 571 3458 nunc
602 3413 706 3458 sermo
736 3396 771 3457 in
802 3394 1002 3458 Praelatione
1024 3396 1092 3476 erit,
1115 3401 1285 3479 postquam

165 3507 199 3568 in
230 3509 418 3570 universum
448 3508 568 3590 dixero,
599 3527 755 3591 quasnam
789 3509 928 3573 rationes
960 3509 994 3571 in
1017 3510 1076 3572 hac
1100 3511 1287 3593 quaestione

167 3619 348 3701 sequendas
372 3621 547 3683 statuerim.
579 3656 583 3661 ·

212 3730 368 3812 Polybius
392 3737 422 3795 et
444 3731 605 3796 Diodorus
629 3739 750 3799 veteres
775 3733 891 3818 1161666
914 3740 946 3798 61
963 3733 1111 3819 Tragicos
1131 3736 1289 3800 lectitasse

167 3863 232 3908 non
255 3845 359 3908 solum
383 3864 440 3927 per
462 3862 496 3908 66
520 3844 670 3909 credibile
694 3852 750 3928 est,
775 3848 830 3911 sed
852 3849 947 3911 etiam
960 3848 1197 3912 demonstratur
1208 3848 1287 3914 locis

167 3956 224 4019 ubi
257 3957 387 4020 illorum
421 3955 518 4020 verba
546 3957 726 4021 laudantur.
757 3959 821 4022 Hic
848 3959 926 4023 locis
949 3959 1048 4024 ferme
1071 3965 1186 4044 aequat
1209 3962 1288 4026 alter

168 4071 312 4153 alterum,
341 4058 526 4154 praesertim
557 4071 584 4133 si
613 4076 800 4153 reputamus
823 4071 960 4155 Polybii,
985 4075 1107 4137 ratione
1130 4073 1288 4158 fragmen·

168 4189 273 4248 torum
300 4183 415 4265 habita,
445 4183 510 4247 fere
538 4184 671 4263 tertiam,
693 4183 824 4248 Diodori
844 4186 1019 4250 'dimidiam
1041 4192 1164 4270 partem
1191 4207 1288 4271 super

167 4315 245 4378 esse,
272 4299 318 4361 ita
347 4302 383 4360 ut
413 4315 553 4379 aequum
583 4297 625 4359 sit
655 4298 740 4380 apud
763 4299 849 4362 hunc
871 4299 980 4382 plures
1006 4299 1095 4364 locos
1118 4305 1287 4384 poetarum
