3090 5004
734 509 776 571 27

10 683 214 768 ἓξερεννοῑν.
261 687 400 755 Sorulor.
438 691 586 757 Utuntur
608 693 672 756 hoo
690 695 863 777 composito
887 692 1059 777 Sophocles
1080 692 1197 759 eleon.
1224 693 1319 756 1100.

199 800 277 867 Oed.
304 805 377 885 Pyr.
404 806 478 888 258,
499 805 656 887 Polybius
680 806 742 868 872
757 831 764 868 2
780 809 798 869 5
813 805 906 887 (XIV
919 831 927 870 ε
942 808 957 868 l
974 832 981 870 ε
997 806 1059 888 13).

10 909 166 987 ἔξοδεθοο.
195 914 374 995 Expedite.
406 917 525 982 Herod.
550 919 598 982 VI
612 944 619 982 ο
633 921 674 982 56
705 916 875 999 προβοθτοοοι
906 918 937 982 δὲ
960 919 1090 999 χροῖοθοον
1115 920 1145 983 ἐν
1167 926 1235 998 ‘tuor
1258 915 1321 993 ἐξο·

200 1027 275 1108 liuor
303 1026 423 1094 ὁκόσοισι
453 1029 491 1093 θον
520 1024 557 1093 ὦν
588 1029 713 1113 ἐθέλωσι,
743 1030 800 1096 ubi
830 1051 905 1096 oum
935 1031 1056 1096 Stoinio
1086 1038 1236 1116 expectes
1260 1028 1322 1106 ἐξο-

200 1141 294 1222 δνίροο
318 1143 497 1208 derivatum
521 1144 561 1208 ab
586 1141 732 1218 ἐξοδεύειν.
757 1147 857 1210 Attici
881 1147 994 1210 dicunt
1015 1140 1119 1218 ἔξοδος.
1141 1182 1184 1192 —-
1208 1145 1323 1228 Polyb.

202 1255 1324 1343 38029pV25423),648219(VH1:26:1),650;7(V111227:4)

201 1369 258 1434 ubi
280 1375 365 1434 recte
388 1368 528 1435 Dindorf
546 1371 682 1436 formum
707 1392 781 1437 oum
805 1381 845 1437 El
864 1365 1014 1456 renituit,
1034 1373 1324 1439 ciluncultosett.

200 1481 257 1545 lin.
283 1485 325 1545 42
350 1483 411 1564 (ed.
437 1482 597 1548 Letronne
620 1487 655 1548 in
677 1485 772 1570 irgm
795 1486 905 1550 histor.
930 1486 1039 1552 Grueo.
1064 1492 1142 1552 tom.
1165 1487 1202 1568 I.)
1225 1486 1255 1549 ἒν
1278 1479 1326 1558 οἷς

204 1590 328 1669 &Saleius
352 1597 409 1658 πῶν
431 1599 506 1659 νοῶν
528 1595 665 1673 ebone.

10 1706 189 1785 ἓξοιδεῖν.
232 1708 388 1772 Tumeeco.
422 1708 494 1773 Hoo
524 1712 737 1794 compositum
761 1716 836 1775 ente
855 1711 1028 1792 Polybium
1053 1715 1219 1778 invenitur
1241 1714 1328 1798 opud

203 1821 392 1905 Euripidem
425 1823 513 1905 Cyol.
546 1825 609 1888 227
641 1830 776 1902 πληροῖς
806 1825 954 1904 πρόσωπον
976 1821 1152 1904 ἐξῳδηκθποο.
1177 1826 1328 1910 Figurate

204 1936 318 2018 Polyb.
345 1938 429 2000 558:
444 1939 484 2000 25
509 1938 588 2020 (Vlz
604 1941 664 2001 18.
681 1940 709 2020 7)
733 1936 851 2002 ἐπειδὰν
873 1937 969 2018 νὰρο
955 1935 1079 2012 ’ξονδοῦν
1102 1960 1130 2003 πο
1154 1943 1211 2003 πῶν
1234 1943 1326 2020 μερῶν

206 2053 355 2129 φνλονεοκῇ
380 2055 412 2114 et
435 2051 531 2134 paulo
555 2059 628 2134 post
651 2048 731 2114 οὐδὲν
756 2047 862 2124 {Eordoi
880 2054 937 2114 πῶν
961 2055 1061 2131 μερῶν.

10 2130 189 2230 ἔποιθλον.
216 2161 409 2226 Praemium.
423 2163 534 2227 Utitur
546 2162 676 2227 Diodor
690 2162 792 2227 XVI.
808 2165 847 2226 81
863 2165 910 2247 §1
927 2161 1327 2242 εποοθλοοπνςοθνδροογοιθοοις

203 2274 306 2338 XVI:
322 2275 427 2355 82§2
457 2280 511 2347 πῆς
535 2273 610 2346 ἰδίοις
634 2274 819 2355 ποοροονοροίοος
843 2273 978 2347 ἔποοθλον,
1004 2276 1060 2338 X:
1075 2277 1180 2358 ll§3
1161 2273 1328 2339 δέποοθλον

204 2385 309 2466 ἀρετῆς
333 2384 485 2450 θδοθποινον
511 2387 602 2469 (Exn.
629 2388 668 2452 de
693 2390 764 2452 virt.
788 2395 822 2452 et
839 2391 895 2452 vit.
910 2393 973 2450 556
986 2388 1062 2472 We,
1082 2389 1186 2453 XVI:
1205 2390 1218 2450 l
1234 2390 1330 2470 §oet

204 2503 288 2564 inter
299 2502 423 2584 poetioe
438 2500 595 2565 voeabula
606 2502 827 2585 recipiendum
839 2507 933 2583 esset,
951 2504 978 2566 si
990 2504 1153 2586 genuinus
1165 2508 1249 2566 esset
1259 2521 1330 2567 ver-

205 2635 261 2679 ens
280 2616 322 2677 52
336 2613 445 2699 Eurip.
457 2613 726 2679 Phoenissarum:
740 2612 791 2678 nui
805 2613 929 2695 σκῆπτρ’
947 2612 1062 2680 ἔποιθλοο
1075 2614 1165 2688 τῆσδε
1177 2612 1331 2692 λοροβοθννο

81 2787 84 2791 ,
205 2725 318 2806 χθονός,
344 2746 440 2811 quem
462 2727 622 2811 Bergkius
645 2729 738 2791 eieoit
763 2727 803 2791 ob
827 2730 934 2811 ipsum
958 2727 1209 2811 vocabulumof.
1224 2727 1328 2792 Sohol.

206 2840 325 2906 Versui
345 2843 454 2925 spurio
476 2841 621 2905 eiusdem
643 2839 769 2905 fabulae
795 2843 879 2902 1262
903 2843 1044 2906 restituit
1066 2842 1241 2907 Porsonue.

11 2948 269 3025 *ε’πθλλνλος.
305 2954 401 3018 Alius
430 2959 502 3033 poet
535 2953 646 3017 ulium.
680 2953 868 3018 Continuus.
902 2955 988 3020 Ante
1009 2955 1181 3036 Polybium
1205 2961 1331 3020 tuntum

206 3069 372 3132 invenitur
406 3067 490 3150 epud
521 3066 711 3150 Sophoclem
736 3069 846 3151 Antig.
873 3068 913 3130 57
940 3086 982 3132 ex
1004 3068 1226 3133 emendatione
1248 3067 1330 3132 Her-

208 3182 317 3244 manni
339 3177 564 3259 κοιπενργοθοοονπ’
589 3180 768 3253 ἔποολλθλονν
791 3186 886 3259 χεροῖν
909 3199 966 3264 pro
990 3180 1037 3242 ἐπ’
1062 3178 1213 3252 ἀλλήλοιν.
1233 3180 1331 3244 Recte

207 3311 272 3357 nen
295 3295 413 3376 recepit
425 3294 507 3357 huno
518 3294 733 3357 coniecturam
746 3292 860 3357 Nauck
873 3295 906 3357 in
920 3293 1093 3357 editionem
1106 3311 1208 3373 suum,
1221 3292 1331 3356 dioene

207 3404 386 3479 ε’πθλλνλος.
412 3406 499 3489 quod
522 3406 743 3470 tantummodo
769 3407 954 3489 sequiorum
980 3409 1036 3486 est,
1062 3423 1127 3467 non
1153 3402 1332 3488 significare

208 3515 412 3597 θλληλοφθνοο
447 3518 503 3581 sed
533 3515 740 3595 ouusxdqoe
775 3515 887 3598 Polyb.
916 3517 1033 3600 possim
1058 3516 1097 3580 of
1121 3535 1189 3581 e..o
1214 3516 1298 3578 184.
1291 3517 1333 3578 ·4

209 3631 369 3714 (xm-121
384 3629 451 3709 7)ἐ
451 3628 668 3701 νὲποιλλθλονς
691 3625 819 3702 ποθξεονν.

12 3747 150 3811 ε’ποονθι
146 3745 217 3826 ’ζοπ
241 3743 412 3808 Floridum
435 3741 539 3805 reddo
563 3742 777 3823 Aeschylus
768 3724 941 3824 rmpropn'e
965 3743 1076 3824 utitur,
1102 3742 1140 3806 oi
1161 3743 1247 3826 Sept.
1270 3683 1331 3804 951

210 3861 331 3926 πολλοῖς
348 3854 562 3926 ε’ποονθίποονπες
585 3853 703 3919 πόνοισι,
714 3851 827 3937 usuratu,
851 3853 990 3938 Choeph.
1015 3856 1221 3940 15043515
1238 3855 1333 3918 1459.

210 3970 288 4034 Post
311 3987 385 4032 eum
409 3965 570 4031 Diodorus
593 3967 687 4030 1:49
710 3968 729 4050 ᾖ
751 3970 769 4028 2
793 3966 948 4046 χρθμοοοον
973 3965 1178 4045 ἐπηνθισμένον
1201 3966 1249 4029 τὸν
1273 3964 1334 4041 βοο-

210 4081 304 4153 culn
327 4080 382 4144 II:
398 4080 438 4142 53
451 4081 502 4162 §2
526 4079 642 4143 ποοθνοον
665 4079 818 4150 ποονποίοονς
841 4079 944 4159 χρόνος
964 4079 1169 4157 ἕπηθοοροένονν.
1192 4078 1335 4161 Simplex

210 4197 245 4258 in
279 4214 373 4278 prosa
403 4193 443 4259 of.
468 4194 587 4258 Herod.
611 4193 704 4258 1:98
729 4200 763 4258 et
783 4194 916 4257 Aristot.
940 4192 983 4256 H.
997 4194 1037 4255 A.
1050 4193 1081 4255 V
1095 4218 1102 4255 ι
1118 4195 1168 4255 15.
1193 4191 1336 4275 Vulgare

212 4312 261 4372 est
281 4305 425 4380 ε’ποονθεῖν,
449 4307 505 4372 sed
528 4308 686 4392 signifieat
711 4305 960 4388 „efflorescere”.
