<?xml version="1.0" encoding="UTF-8"?>
<!DOCTYPE html PUBLIC "-//W3C//DTD XHTML 1.0 Transitional//EN"
    "http://www.w3.org/TR/xhtml1/DTD/xhtml1-transitional.dtd">
<html xmlns="http://www.w3.org/1999/xhtml" xml:lang="en" lang="en">
 <head>
  <title>
</title>
<meta http-equiv="Content-Type" content="text/html;charset=utf-8" />
  <meta name='ocr-system' content='tesseract 3.04.00' />
  <meta name='ocr-capabilities' content='ocr_page ocr_carea ocr_par ocr_line ocrx_word'/>
</head>
<body>
  <div class='ocr_page' id='page_1' title='image "./deusupoeticorum00krelgoog_0055.png"; bbox 0 0 3082 5002; ppageno 0'>
   <div class='ocr_carea' id='block_1_1' title="bbox 775 460 817 522">
    <p class='ocr_par' dir='ltr' id='par_1_1' title="bbox 775 460 817 522">
     <span class='ocr_line' id='line_1_1' title="bbox 775 460 817 522; baseline -0.024 0"><span class='ocrx_word' id='word_1_1' title='bbox 775 460 817 522; x_wconf 85' lang='lat'><em>24</em></span> 
     </span>
    </p>
   </div>
   <div class='ocr_carea' id='block_1_2' title="bbox 35 643 1376 4357">
    <p class='ocr_par' dir='ltr' id='par_1_2' title="bbox 35 643 1364 2086">
     <span class='ocr_line' id='line_1_2' title="bbox 35 643 1360 730; baseline -0.006 -15"><span class='ocrx_word' id='word_1_2' title='bbox 35 648 207 730; x_wconf 74' lang='grc' dir='ltr'><em>ἐκραίνει.</em></span> <span class='ocrx_word' id='word_1_3' title='bbox 231 646 392 729; x_wconf 78' lang='grc' dir='ltr'><em>Εαριανρο.</em></span> <span class='ocrx_word' id='word_1_4' title='bbox 422 646 502 711; x_wconf 73' lang='lat' dir='ltr'>eicio.</span> <span class='ocrx_word' id='word_1_5' title='bbox 540 645 712 727; x_wconf 88' lang='lat' dir='ltr'>Polybium</span> <span class='ocrx_word' id='word_1_6' title='bbox 745 645 807 707; x_wconf 86' lang='grc'><em>028</em></span> <span class='ocrx_word' id='word_1_7' title='bbox 821 667 828 708; x_wconf 89' lang='lat'>:</span> <span class='ocrx_word' id='word_1_8' title='bbox 843 648 861 708; x_wconf 88' lang='grc'><strong>2</strong></span> <span class='ocrx_word' id='word_1_9' title='bbox 875 665 943 729; x_wconf 89' lang='lat' dir='ltr'><strong>sqq.</strong></span> <span class='ocrx_word' id='word_1_10' title='bbox 977 644 1065 726; x_wconf 76' lang='lat' dir='ltr'><em>(vm</em></span> <span class='ocrx_word' id='word_1_11' title='bbox 1079 667 1085 708; x_wconf 92' lang='lat'><strong>:</strong></span> <span class='ocrx_word' id='word_1_12' title='bbox 1101 646 1119 706; x_wconf 88' lang='lat'>8</span> <span class='ocrx_word' id='word_1_13' title='bbox 1134 667 1141 707; x_wconf 90' lang='lat'>:</span> <span class='ocrx_word' id='word_1_14' title='bbox 1155 645 1187 724; x_wconf 83' lang='lat'><em>3)</em></span> <span class='ocrx_word' id='word_1_15' title='bbox 1220 645 1266 708; x_wconf 89' lang='lat' dir='ltr'><em>sic</em></span> <span class='ocrx_word' id='word_1_16' title='bbox 1295 643 1360 708; x_wconf 91' lang='lat' dir='ltr'>edit</span> 
     </span>
     <span class='ocr_line' id='line_1_3' title="bbox 230 754 1357 840; baseline -0.003 -15"><span class='ocrx_word' id='word_1_17' title='bbox 230 760 385 825; x_wconf 89' lang='lat' dir='ltr'>Hultscb:</span> <span class='ocrx_word' id='word_1_18' title='bbox 417 757 465 823; x_wconf 91' lang='grc' dir='ltr'><em>ὸ’τε</em></span> <span class='ocrx_word' id='word_1_19' title='bbox 489 759 520 823; x_wconf 83' lang='grc' dir='ltr'><em>δὲ</em></span> <span class='ocrx_word' id='word_1_20' title='bbox 543 757 687 840; x_wconf 72' lang='grc' dir='ltr'><strong><em>κουφίζων</em></strong></span> <span class='ocrx_word' id='word_1_21' title='bbox 714 759 768 831; x_wconf 75' lang='grc' dir='ltr'><em>την</em></span> <span class='ocrx_word' id='word_1_22' title='bbox 791 761 918 839; x_wconf 80' lang='grc' dir='ltr'><em>πρῶρραν</em></span> <span class='ocrx_word' id='word_1_23' title='bbox 940 758 1014 838; x_wconf 81' lang='grc' dir='ltr'><em>ὸρὸὸν</em></span> <span class='ocrx_word' id='word_1_24' title='bbox 1038 759 1162 832; x_wconf 77' lang='grc' dir='ltr'><em>πσιησειε</em></span> <span class='ocrx_word' id='word_1_25' title='bbox 1184 758 1218 822; x_wconf 93' lang='grc' dir='ltr'><em>τὸ</em></span> <span class='ocrx_word' id='word_1_26' title='bbox 1240 754 1357 836; x_wconf 81' lang='grc' dir='ltr'><em>σκαίΦις</em></span> 
     </span>
     <span class='ocr_line' id='line_1_4' title="bbox 230 869 1356 953; baseline -0.004 -16"><span class='ocrx_word' id='word_1_27' title='bbox 230 871 280 937; x_wconf 83' lang='grc' dir='ltr'><em>ἐπὸ</em></span> <span class='ocrx_word' id='word_1_28' title='bbox 303 871 448 953; x_wconf 77' lang='grc' dir='ltr'><em>πρύμναν,</em></span> <span class='ocrx_word' id='word_1_29' title='bbox 471 871 527 945; x_wconf 90' lang='grc' dir='ltr'><em>τὸις</em></span> <span class='ocrx_word' id='word_1_30' title='bbox 551 872 606 950; x_wconf 81' lang='grc' dir='ltr'><em>μὸν</em></span> <span class='ocrx_word' id='word_1_31' title='bbox 630 871 754 953; x_wconf 75' lang='grc' dir='ltr'><em>πτέρναις</em></span> <span class='ocrx_word' id='word_1_32' title='bbox 778 875 834 935; x_wconf 79' lang='grc' dir='ltr'><em>τῶν</em></span> <span class='ocrx_word' id='word_1_33' title='bbox 857 869 982 952; x_wconf 74' lang='grc' dir='ltr'><em>ὸρναὸνιιν</em></span> <span class='ocrx_word' id='word_1_34' title='bbox 1006 871 1045 942; x_wconf 77' lang='grc' dir='ltr'><em>εἰς</em></span> <span class='ocrx_word' id='word_1_35' title='bbox 1066 869 1200 943; x_wconf 86' lang='grc' dir='ltr'><em>αἰκίνητσν</em></span> <span class='ocrx_word' id='word_1_36' title='bbox 1214 871 1356 943; x_wconf 73' lang='grc' dir='ltr'><em>καὸῆπτε,</em></span> 
     </span>
     <span class='ocr_line' id='line_1_5' title="bbox 231 979 1358 1065; baseline -0.004 -15"><span class='ocrx_word' id='word_1_37' title='bbox 231 985 284 1058; x_wconf 78' lang='grc' dir='ltr'><em>τὸν</em></span> <span class='ocrx_word' id='word_1_38' title='bbox 307 986 338 1050; x_wconf 86' lang='grc' dir='ltr'><em>δὲ</em></span> <span class='ocrx_word' id='word_1_39' title='bbox 359 992 449 1065; x_wconf 77' lang='grc' dir='ltr'><em>χεῖρα</em></span> <span class='ocrx_word' id='word_1_40' title='bbox 472 983 524 1049; x_wconf 85' lang='grc' dir='ltr'><em>καὸ</em></span> <span class='ocrx_word' id='word_1_41' title='bbox 548 984 601 1057; x_wconf 77' lang='grc' dir='ltr'><em>τὸν</em></span> <span class='ocrx_word' id='word_1_42' title='bbox 626 982 729 1049; x_wconf 79' lang='grc' dir='ltr'><em>ὸίλνσιν</em></span> <span class='ocrx_word' id='word_1_43' title='bbox 753 985 786 1048; x_wconf 92' lang='grc' dir='ltr'><em>ἐκ</em></span> <span class='ocrx_word' id='word_1_44' title='bbox 809 989 863 1057; x_wconf 74' lang='grc' dir='ltr'><em>τῆς</em></span> <span class='ocrx_word' id='word_1_45' title='bbox 888 990 1032 1062; x_wconf 73' lang='grc' dir='ltr'><em>μηχανῆς</em></span> <span class='ocrx_word' id='word_1_46' title='bbox 1051 979 1188 1064; x_wconf 79' lang='grc' dir='ltr'><em>ἐξέρραινε</em></span> <span class='ocrx_word' id='word_1_47' title='bbox 1207 987 1238 1065; x_wconf 86' lang='lat' dir='ltr'><em>(e</em></span> <span class='ocrx_word' id='word_1_48' title='bbox 1250 984 1358 1047; x_wconf 87' lang='lat' dir='ltr'>codice</span> 
     </span>
     <span class='ocr_line' id='line_1_6' title="bbox 233 1097 1358 1182; baseline -0.003 -20"><span class='ocrx_word' id='word_1_49' title='bbox 233 1108 262 1162; x_wconf 93' lang='lat' dir='ltr'><strong>T</strong></span> <span class='ocrx_word' id='word_1_50' title='bbox 296 1102 333 1162; x_wconf 88' lang='lat' dir='ltr'><em>in</em></span> <span class='ocrx_word' id='word_1_51' title='bbox 371 1101 562 1164; x_wconf 85' lang='lat' dir='ltr'>monasterio</span> <span class='ocrx_word' id='word_1_52' title='bbox 599 1101 717 1163; x_wconf 88' lang='lat' dir='ltr'>montis</span> <span class='ocrx_word' id='word_1_53' title='bbox 753 1100 893 1163; x_wconf 89' lang='lat' dir='ltr'>Athonis</span> <span class='ocrx_word' id='word_1_54' title='bbox 929 1103 1062 1182; x_wconf 85' lang='lat' dir='ltr'>reperto,</span> <span class='ocrx_word' id='word_1_55' title='bbox 1097 1098 1217 1162; x_wconf 87' lang='lat' dir='ltr'>saeculi</span> <span class='ocrx_word' id='word_1_56' title='bbox 1251 1105 1286 1179; x_wconf 85' lang='lat' dir='ltr'><em>X,</em></span> <span class='ocrx_word' id='word_1_57' title='bbox 1320 1097 1358 1159; x_wconf 86' lang='lat' dir='ltr'><em>cf.</em></span> 
     </span>
     <span class='ocr_line' id='line_1_7' title="bbox 231 1209 1359 1296; baseline -0.005 -18"><span class='ocrx_word' id='word_1_58' title='bbox 231 1213 373 1278; x_wconf 90' lang='lat' dir='ltr'>Hultsoh</span> <span class='ocrx_word' id='word_1_59' title='bbox 401 1212 503 1277; x_wconf 78' lang='lat' dir='ltr'>Praei</span> <span class='ocrx_word' id='word_1_60' title='bbox 531 1213 571 1277; x_wconf 88' lang='lat' dir='ltr'><em>ad</em></span> <span class='ocrx_word' id='word_1_61' title='bbox 593 1212 664 1277; x_wconf 85' lang='lat' dir='ltr'>Vol.</span> <span class='ocrx_word' id='word_1_62' title='bbox 687 1213 721 1276; x_wconf 96' lang='grc' dir='ltr'>Π</span> <span class='ocrx_word' id='word_1_63' title='bbox 745 1233 795 1296; x_wconf 88' lang='lat' dir='ltr'><em>pg.</em></span> <span class='ocrx_word' id='word_1_64' title='bbox 818 1211 877 1292; x_wconf 79' lang='lat' dir='ltr'><em>IV)</em></span> <span class='ocrx_word' id='word_1_65' title='bbox 902 1209 1046 1283; x_wconf 79' lang='grc' dir='ltr'><em>διαίταις</em></span> <span class='ocrx_word' id='word_1_66' title='bbox 1072 1209 1268 1291; x_wconf 79' lang='grc' dir='ltr'><em>σχαστηρίας,</em></span> <span class='ocrx_word' id='word_1_67' title='bbox 1293 1230 1359 1273; x_wconf 91' lang='lat' dir='ltr'><em>ma-</em></span> 
     </span>
     <span class='ocr_line' id='line_1_8' title="bbox 233 1324 1360 1407; baseline -0.004 -17"><span class='ocrx_word' id='word_1_68' title='bbox 233 1346 314 1394; x_wconf 88' lang='lat' dir='ltr'><em>num</em></span> <span class='ocrx_word' id='word_1_69' title='bbox 339 1327 474 1390; x_wconf 85' lang='lat' dir='ltr'>ferream</span> <span class='ocrx_word' id='word_1_70' title='bbox 496 1331 527 1390; x_wconf 87' lang='lat' dir='ltr'>et</span> <span class='ocrx_word' id='word_1_71' title='bbox 549 1331 696 1391; x_wconf 86' lang='lat' dir='ltr'>catenam</span> <span class='ocrx_word' id='word_1_72' title='bbox 720 1344 737 1390; x_wconf 89' lang='lat' dir='ltr'>e</span> <span class='ocrx_word' id='word_1_73' title='bbox 767 1326 913 1390; x_wconf 89' lang='lat' dir='ltr'>machina</span> <span class='ocrx_word' id='word_1_74' title='bbox 936 1324 1070 1389; x_wconf 76' lang='lat' dir='ltr'>eiciebat</span> <span class='ocrx_word' id='word_1_75' title='bbox 1092 1325 1171 1407; x_wconf 90' lang='lat' dir='ltr'>(scil.</span> <span class='ocrx_word' id='word_1_76' title='bbox 1194 1324 1360 1387; x_wconf 77' lang='lat' dir='ltr'>Archime</span> 
     </span>
     <span class='ocr_line' id='line_1_9' title="bbox 235 1437 1363 1523; baseline -0.004 -20"><span class='ocrx_word' id='word_1_77' title='bbox 235 1439 303 1523; x_wconf 88' lang='lat' dir='ltr'>des)</span> <span class='ocrx_word' id='word_1_78' title='bbox 342 1457 400 1522; x_wconf 93' lang='lat' dir='ltr'><em>ope</em></span> <span class='ocrx_word' id='word_1_79' title='bbox 433 1438 532 1502; x_wconf 89' lang='lat' dir='ltr'>funis.</span> <span class='ocrx_word' id='word_1_80' title='bbox 571 1438 644 1504; x_wconf 90' lang='lat' dir='ltr'><em>Hoc</em></span> <span class='ocrx_word' id='word_1_81' title='bbox 677 1438 814 1503; x_wconf 86' lang='lat' dir='ltr'>verbum</span> <span class='ocrx_word' id='word_1_82' title='bbox 844 1437 894 1502; x_wconf 93' lang='lat' dir='ltr'><em>bis</em></span> <span class='ocrx_word' id='word_1_83' title='bbox 926 1443 1000 1502; x_wconf 88' lang='lat' dir='ltr'>ante</span> <span class='ocrx_word' id='word_1_84' title='bbox 1028 1437 1202 1519; x_wconf 86' lang='lat' dir='ltr'>Polybium</span> <span class='ocrx_word' id='word_1_85' title='bbox 1232 1437 1363 1518; x_wconf 82' lang='lat' dir='ltr'>occurit,</span> 
     </span>
     <span class='ocr_line' id='line_1_10' title="bbox 235 1548 1362 1637; baseline -0.004 -20"><span class='ocrx_word' id='word_1_86' title='bbox 235 1553 332 1637; x_wconf 81' lang='lat' dir='ltr'>Sopb.</span> <span class='ocrx_word' id='word_1_87' title='bbox 367 1553 479 1617; x_wconf 78' lang='lat' dir='ltr'>Tracb.</span> <span class='ocrx_word' id='word_1_88' title='bbox 518 1553 576 1615; x_wconf 87' lang='grc'><em>781</em></span> <span class='ocrx_word' id='word_1_89' title='bbox 614 1549 709 1630; x_wconf 75' lang='grc' dir='ltr'><em>κίμηε</em></span> <span class='ocrx_word' id='word_1_90' title='bbox 745 1552 776 1615; x_wconf 86' lang='grc' dir='ltr'><em>δέ</em></span> <span class='ocrx_word' id='word_1_91' title='bbox 812 1551 914 1616; x_wconf 82' lang='grc' dir='ltr'><em>λενκὸν</em></span> <span class='ocrx_word' id='word_1_92' title='bbox 948 1550 1055 1628; x_wconf 77' lang='grc' dir='ltr'><em>μυελὸν</em></span> <span class='ocrx_word' id='word_1_93' title='bbox 1088 1548 1216 1629; x_wconf 88' lang='grc' dir='ltr'><em>ἐκραίνει,</em></span> <span class='ocrx_word' id='word_1_94' title='bbox 1250 1548 1362 1632; x_wconf 81' lang='lat' dir='ltr'>Eurip.</span> 
     </span>
     <span class='ocr_line' id='line_1_11' title="bbox 236 1660 1363 1746; baseline -0.003 -17"><span class='ocrx_word' id='word_1_95' title='bbox 236 1665 324 1746; x_wconf 84' lang='lat' dir='ltr'>(lycl.</span> <span class='ocrx_word' id='word_1_96' title='bbox 361 1666 425 1729; x_wconf 76' lang='grc'><em>402</em></span> <span class='ocrx_word' id='word_1_97' title='bbox 462 1663 632 1745; x_wconf 72' lang='grc' dir='ltr'><em>ἐγκέφαλον</em></span> <span class='ocrx_word' id='word_1_98' title='bbox 662 1661 797 1744; x_wconf 81' lang='grc' dir='ltr'><em>ἐξέρρανε.</em></span> <span class='ocrx_word' id='word_1_99' title='bbox 833 1701 874 1710; x_wconf 89' lang='lat'><em>-</em></span> <span class='ocrx_word' id='word_1_100' title='bbox 905 1660 1080 1742; x_wconf 82' lang='grc' dir='ltr'><em>Ἀπσρραίνιι</em></span> <span class='ocrx_word' id='word_1_101' title='bbox 1111 1663 1197 1746; x_wconf 89' lang='lat' dir='ltr'>apud</span> <span class='ocrx_word' id='word_1_102' title='bbox 1220 1660 1363 1726; x_wconf 88' lang='lat' dir='ltr'>Herodo-</span> 
     </span>
     <span class='ocr_line' id='line_1_12' title="bbox 236 1775 1364 1862; baseline -0.006 -18"><span class='ocrx_word' id='word_1_103' title='bbox 236 1785 306 1845; x_wconf 90' lang='lat' dir='ltr'>tum</span> <span class='ocrx_word' id='word_1_104' title='bbox 342 1779 376 1844; x_wconf 95' lang='grc' dir='ltr'>Π</span> <span class='ocrx_word' id='word_1_105' title='bbox 389 1802 396 1843; x_wconf 92' lang='lat'>:</span> <span class='ocrx_word' id='word_1_106' title='bbox 411 1783 452 1842; x_wconf 83' lang='lat'><em>93</em></span> <span class='ocrx_word' id='word_1_107' title='bbox 486 1781 626 1861; x_wconf 86' lang='lat' dir='ltr'>invenio,</span> <span class='ocrx_word' id='word_1_108' title='bbox 656 1778 737 1859; x_wconf 83' lang='grc' dir='ltr'><em>ῥαίνω</em></span> <span class='ocrx_word' id='word_1_109' title='bbox 769 1781 804 1842; x_wconf 90' lang='lat' dir='ltr'><em>in</em></span> <span class='ocrx_word' id='word_1_110' title='bbox 834 1798 929 1862; x_wconf 86' lang='lat' dir='ltr'>prosa</span> <span class='ocrx_word' id='word_1_111' title='bbox 959 1779 1100 1862; x_wconf 89' lang='lat' dir='ltr'>primum</span> <span class='ocrx_word' id='word_1_112' title='bbox 1131 1775 1218 1860; x_wconf 87' lang='lat' dir='ltr'>apud</span> <span class='ocrx_word' id='word_1_113' title='bbox 1240 1776 1364 1838; x_wconf 75' lang='lat' dir='ltr'>Aristo·</span> 
     </span>
     <span class='ocr_line' id='line_1_13' title="bbox 237 1887 1364 1979; baseline -0.006 -21"><span class='ocrx_word' id='word_1_114' title='bbox 237 1895 343 1958; x_wconf 87' lang='lat' dir='ltr'>telem.</span> <span class='ocrx_word' id='word_1_115' title='bbox 379 1893 425 1957; x_wconf 80' lang='lat' dir='ltr'><em>of.</em></span> <span class='ocrx_word' id='word_1_116' title='bbox 455 1893 542 1979; x_wconf 85' lang='lat' dir='ltr'>apud</span> <span class='ocrx_word' id='word_1_117' title='bbox 571 1893 697 1958; x_wconf 88' lang='lat' dir='ltr'>Atticos</span> <span class='ocrx_word' id='word_1_118' title='bbox 727 1890 900 1973; x_wconf 86' lang='grc' dir='ltr'><em>περιρραίνω,</em></span> <span class='ocrx_word' id='word_1_119' title='bbox 925 1890 1108 1972; x_wconf 90' lang='grc' dir='ltr'><em>περίρρανσις,</em></span> <span class='ocrx_word' id='word_1_120' title='bbox 1132 1887 1364 1970; x_wconf 78' lang='grc' dir='ltr'><em>περιρραντήριον,</em></span> 
     </span>
     <span class='ocr_line' id='line_1_14' title="bbox 241 2005 450 2086; baseline 0.014 -17"><span class='ocrx_word' id='word_1_121' title='bbox 241 2005 386 2086; x_wconf 81' lang='grc' dir='ltr'><em>διαρραίνω</em></span> <span class='ocrx_word' id='word_1_122' title='bbox 409 2009 450 2072; x_wconf 83' lang='lat' dir='ltr'><em>al.</em></span> 
     </span>
    </p>

    <p class='ocr_par' dir='ltr' id='par_1_3' title="bbox 46 2117 1369 2998">
     <span class='ocr_line' id='line_1_15' title="bbox 46 2117 1365 2203; baseline -0.003 -19"><span class='ocrx_word' id='word_1_123' title='bbox 46 2117 239 2191; x_wconf 77' lang='grc' dir='ltr'><em>*ἐκτενιία</em></span> <span class='ocrx_word' id='word_1_124' title='bbox 276 2119 445 2203; x_wconf 71' lang='lat' dir='ltr'>Euentus,</span> <span class='ocrx_word' id='word_1_125' title='bbox 481 2118 626 2187; x_wconf 78' lang='lat' dir='ltr'><strong><em>Sedulus.</em></strong></span> <span class='ocrx_word' id='word_1_126' title='bbox 658 2120 821 2185; x_wconf 89' lang='lat' dir='ltr'>Poeticam</span> <span class='ocrx_word' id='word_1_127' title='bbox 852 2138 964 2184; x_wconf 81' lang='lat' dir='ltr'>vocem</span> <span class='ocrx_word' id='word_1_128' title='bbox 986 2119 1140 2200; x_wconf 81' lang='lat' dir='ltr'>crederes,</span> <span class='ocrx_word' id='word_1_129' title='bbox 1163 2119 1226 2182; x_wconf 91' lang='lat' dir='ltr'>nisi</span> <span class='ocrx_word' id='word_1_130' title='bbox 1248 2118 1365 2182; x_wconf 83' lang='lat' dir='ltr'>Aesch.</span> 
     </span>
     <span class='ocr_line' id='line_1_16' title="bbox 242 2229 1367 2318; baseline -0.002 -22"><span class='ocrx_word' id='word_1_131' title='bbox 242 2231 353 2317; x_wconf 79' lang='lat' dir='ltr'>Suppl.</span> <span class='ocrx_word' id='word_1_132' title='bbox 389 2234 452 2296; x_wconf 86' lang='grc'><em>983</em></span> <span class='ocrx_word' id='word_1_133' title='bbox 487 2239 658 2318; x_wconf 86' lang='lat' dir='ltr'>corruptus</span> <span class='ocrx_word' id='word_1_134' title='bbox 693 2239 793 2297; x_wconf 89' lang='lat' dir='ltr'>esset:</span> <span class='ocrx_word' id='word_1_135' title='bbox 825 2231 893 2311; x_wconf 90' lang='grc' dir='ltr'><em>πρὸς</em></span> <span class='ocrx_word' id='word_1_136' title='bbox 925 2230 991 2303; x_wconf 80' lang='grc' dir='ltr'><em>τοὺς</em></span> <span class='ocrx_word' id='word_1_137' title='bbox 1022 2231 1146 2303; x_wconf 75' lang='grc' dir='ltr'><em>ἐκτενεῖς</em></span> <span class='ocrx_word' id='word_1_138' title='bbox 1170 2229 1285 2311; x_wconf 74' lang='grc' dir='ltr'><em>φίλους,</em></span> <span class='ocrx_word' id='word_1_139' title='bbox 1310 2229 1367 2294; x_wconf 95' lang='lat' dir='ltr'><em>ubi</em></span> 
     </span>
     <span class='ocr_line' id='line_1_17' title="bbox 242 2327 1367 2430; baseline 0.001 -21"><span class='ocrx_word' id='word_1_140' title='bbox 242 2346 371 2424; x_wconf 75' lang='grc' dir='ltr'><em>ἐρρενεῖς</em></span> <span class='ocrx_word' id='word_1_141' title='bbox 397 2349 539 2413; x_wconf 82' lang='lat' dir='ltr'>restituit</span> <span class='ocrx_word' id='word_1_142' title='bbox 561 2327 730 2413; x_wconf 91' lang='lat' dir='ltr'>Heathius.</span> <span class='ocrx_word' id='word_1_143' title='bbox 756 2346 912 2428; x_wconf 85' lang='lat' dir='ltr'>Polybius</span> <span class='ocrx_word' id='word_1_144' title='bbox 934 2347 1058 2430; x_wconf 90' lang='lat' dir='ltr'>primus</span> <span class='ocrx_word' id='word_1_145' title='bbox 1080 2346 1141 2409; x_wconf 93' lang='lat' dir='ltr'><em>hoc</em></span> <span class='ocrx_word' id='word_1_146' title='bbox 1164 2344 1261 2409; x_wconf 88' lang='lat' dir='ltr'>verbo</span> <span class='ocrx_word' id='word_1_147' title='bbox 1285 2364 1367 2410; x_wconf 89' lang='lat' dir='ltr'>usus</span> 
     </span>
     <span class='ocr_line' id='line_1_18' title="bbox 243 2455 1367 2544; baseline -0.006 -18"><span class='ocrx_word' id='word_1_148' title='bbox 243 2466 299 2544; x_wconf 83' lang='lat' dir='ltr'>ost,</span> <span class='ocrx_word' id='word_1_149' title='bbox 324 2461 363 2524; x_wconf 88' lang='lat' dir='ltr'><em>cf.</em></span> <span class='ocrx_word' id='word_1_150' title='bbox 386 2461 471 2524; x_wconf 88' lang='grc'><strong>1050</strong></span> <span class='ocrx_word' id='word_1_151' title='bbox 486 2463 527 2524; x_wconf 82' lang='lat'><em>:4</em></span> <span class='ocrx_word' id='word_1_152' title='bbox 542 2461 655 2542; x_wconf 85' lang='lat' dir='ltr'>(XXII</span> <span class='ocrx_word' id='word_1_153' title='bbox 668 2482 675 2524; x_wconf 80' lang='lat' dir='ltr'>t</span> <span class='ocrx_word' id='word_1_154' title='bbox 691 2463 709 2523; x_wconf 88' lang='lat'>5</span> <span class='ocrx_word' id='word_1_155' title='bbox 724 2482 731 2524; x_wconf 91' lang='lat'>:</span> <span class='ocrx_word' id='word_1_156' title='bbox 746 2462 778 2544; x_wconf 84' lang='grc'><em>4)</em></span> <span class='ocrx_word' id='word_1_157' title='bbox 792 2457 867 2523; x_wconf 86' lang='grc' dir='ltr'><em>διὸτε</em></span> <span class='ocrx_word' id='word_1_158' title='bbox 876 2459 1016 2537; x_wconf 70' lang='grc' dir='ltr'><em>γεγόνασι</em></span> <span class='ocrx_word' id='word_1_159' title='bbox 1028 2459 1145 2521; x_wconf 72' lang='grc' dir='ltr'><em>πάντων</em></span> <span class='ocrx_word' id='word_1_160' title='bbox 1157 2455 1367 2530; x_wconf 78' lang='grc' dir='ltr'><em>ἐκτενέστατιι,</em></span> 
     </span>
     <span class='ocr_line' id='line_1_19' title="bbox 243 2570 1367 2658; baseline -0.004 -21"><span class='ocrx_word' id='word_1_161' title='bbox 243 2575 263 2637; x_wconf 91' lang='lat' dir='ltr'><em>i.</em></span> <span class='ocrx_word' id='word_1_162' title='bbox 290 2593 318 2638; x_wconf 89' lang='lat' dir='ltr'><em>e.</em></span> <span class='ocrx_word' id='word_1_163' title='bbox 338 2574 575 2658; x_wconf 85' lang='lat' dir='ltr'>diligentissimi</span> <span class='ocrx_word' id='word_1_164' title='bbox 594 2577 630 2638; x_wconf 88' lang='lat' dir='ltr'><em>in</em></span> <span class='ocrx_word' id='word_1_165' title='bbox 650 2575 783 2638; x_wconf 89' lang='lat' dir='ltr'>colenda</span> <span class='ocrx_word' id='word_1_166' title='bbox 793 2573 1011 2637; x_wconf 90' lang='lat' dir='ltr'>Romanorum</span> <span class='ocrx_word' id='word_1_167' title='bbox 1023 2573 1171 2654; x_wconf 88' lang='lat' dir='ltr'>amicitia,</span> <span class='ocrx_word' id='word_1_168' title='bbox 1183 2571 1223 2635; x_wconf 85' lang='lat' dir='ltr'><em>cf.</em></span> <span class='ocrx_word' id='word_1_169' title='bbox 1236 2570 1367 2634; x_wconf 84' lang='lat' dir='ltr'>Diodor.</span> 
     </span>
     <span class='ocr_line' id='line_1_20' title="bbox 243 2683 1369 2770; baseline 0.002 -21"><span class='ocrx_word' id='word_1_170' title='bbox 243 2685 400 2770; x_wconf 73' lang='lat' dir='ltr'>frg.‘libr.</span> <span class='ocrx_word' id='word_1_171' title='bbox 426 2686 577 2750; x_wconf 82' lang='lat' dir='ltr'>XXXIV</span> <span class='ocrx_word' id='word_1_172' title='bbox 600 2693 631 2752; x_wconf 90' lang='lat' dir='ltr'>et</span> <span class='ocrx_word' id='word_1_173' title='bbox 653 2685 787 2750; x_wconf 89' lang='lat' dir='ltr'>XXXV</span> <span class='ocrx_word' id='word_1_174' title='bbox 811 2689 828 2748; x_wconf 80' lang='lat'>2</span> <span class='ocrx_word' id='word_1_175' title='bbox 854 2687 873 2767; x_wconf 65' lang='grc' dir='ltr'>ξ</span> <span class='ocrx_word' id='word_1_176' title='bbox 898 2688 939 2748; x_wconf 81' lang='grc'><em>39</em></span> <span class='ocrx_word' id='word_1_177' title='bbox 967 2683 1076 2767; x_wconf 85' lang='lat' dir='ltr'>(Diod.</span> <span class='ocrx_word' id='word_1_178' title='bbox 1097 2685 1129 2748; x_wconf 86' lang='lat' dir='ltr'>V</span> <span class='ocrx_word' id='word_1_179' title='bbox 1147 2705 1199 2769; x_wconf 81' lang='lat' dir='ltr'><em>pg.</em></span> <span class='ocrx_word' id='word_1_180' title='bbox 1222 2684 1369 2752; x_wconf 66' lang='lat' dir='ltr'>osuiu</span> 
     </span>
     <span class='ocr_line' id='line_1_21' title="bbox 247 2790 1368 2885; baseline -0.001 -23"><span class='ocrx_word' id='word_1_181' title='bbox 247 2800 286 2863; x_wconf 90' lang='lat' dir='ltr'><em>de</em></span> <span class='ocrx_word' id='word_1_182' title='bbox 321 2801 392 2864; x_wconf 88' lang='lat' dir='ltr'>virt.</span> <span class='ocrx_word' id='word_1_183' title='bbox 429 2806 460 2864; x_wconf 86' lang='lat' dir='ltr'>et</span> <span class='ocrx_word' id='word_1_184' title='bbox 494 2802 551 2865; x_wconf 85' lang='lat' dir='ltr'>vit.</span> <span class='ocrx_word' id='word_1_185' title='bbox 585 2821 637 2885; x_wconf 85' lang='lat' dir='ltr'><em>pg.</em></span> <span class='ocrx_word' id='word_1_186' title='bbox 672 2801 736 2862; x_wconf 87' lang='grc'><em>600</em></span> <span class='ocrx_word' id='word_1_187' title='bbox 769 2799 833 2882; x_wconf 87' lang='lat' dir='ltr'><em>W.)</em></span> <span class='ocrx_word' id='word_1_188' title='bbox 865 2793 901 2861; x_wconf 81' lang='grc' dir='ltr'><em>ὧν</em></span> <span class='ocrx_word' id='word_1_189' title='bbox 932 2796 1138 2870; x_wconf 81' lang='grc' dir='ltr'><em>ἐκτενέστατας</em></span> <span class='ocrx_word' id='word_1_190' title='bbox 1162 2790 1194 2869; x_wconf 78' lang='grc' dir='ltr'><em>ἦν</em></span> <span class='ocrx_word' id='word_1_191' title='bbox 1218 2795 1368 2878; x_wconf 88' lang='grc' dir='ltr'><em>Ἑρμείας.</em></span> 
     </span>
     <span class='ocr_line' id='line_1_22' title="bbox 247 2912 964 2998; baseline -0.001 -21"><span class='ocrx_word' id='word_1_192' title='bbox 247 2912 448 2977; x_wconf 78' lang='lat' dir='ltr'>Aduerbium</span> <span class='ocrx_word' id='word_1_193' title='bbox 470 2913 590 2986; x_wconf 82' lang='grc' dir='ltr'><em>ἐκτενῶς</em></span> <span class='ocrx_word' id='word_1_194' title='bbox 612 2915 698 2998; x_wconf 89' lang='lat' dir='ltr'>apud</span> <span class='ocrx_word' id='word_1_195' title='bbox 720 2914 814 2977; x_wconf 89' lang='lat' dir='ltr'>ambo</span> <span class='ocrx_word' id='word_1_196' title='bbox 837 2914 964 2998; x_wconf 88' lang='lat' dir='ltr'>legitur.</span> 
     </span>
    </p>

    <p class='ocr_par' dir='ltr' id='par_1_4' title="bbox 52 3025 1375 4238">
     <span class='ocr_line' id='line_1_23' title="bbox 52 3025 1370 3106; baseline -0.001 -13"><span class='ocrx_word' id='word_1_197' title='bbox 52 3027 240 3106; x_wconf 87' lang='grc' dir='ltr'><em>ἐμβαδὸν.</em></span> <span class='ocrx_word' id='word_1_198' title='bbox 272 3026 434 3091; x_wconf 87' lang='lat' dir='ltr'>Homerus</span> <span class='ocrx_word' id='word_1_199' title='bbox 469 3025 507 3090; x_wconf 91' lang='lat'><em>0.</em></span> <span class='ocrx_word' id='word_1_200' title='bbox 544 3028 606 3089; x_wconf 87' lang='grc'><em>505</em></span> <span class='ocrx_word' id='word_1_201' title='bbox 637 3033 668 3092; x_wconf 86' lang='lat' dir='ltr'>et</span> <span class='ocrx_word' id='word_1_202' title='bbox 699 3027 839 3092; x_wconf 87' lang='lat' dir='ltr'>Pausan.</span> <span class='ocrx_word' id='word_1_203' title='bbox 870 3027 1034 3091; x_wconf 75' lang='lat' dir='ltr'>X:20:8</span> <span class='ocrx_word' id='word_1_204' title='bbox 1059 3031 1197 3092; x_wconf 86' lang='lat' dir='ltr'>utuntur</span> <span class='ocrx_word' id='word_1_205' title='bbox 1219 3025 1370 3092; x_wconf 88' lang='lat' dir='ltr'>adverbio</span> 
     </span>
     <span class='ocr_line' id='line_1_24' title="bbox 247 3138 1369 3223; baseline -0.004 -19"><span class='ocrx_word' id='word_1_206' title='bbox 247 3139 381 3217; x_wconf 80' lang='grc' dir='ltr'><em>ἐμβαδὸν</em></span> <span class='ocrx_word' id='word_1_207' title='bbox 403 3142 424 3204; x_wconf 93' lang='lat' dir='ltr'><em>i.</em></span> <span class='ocrx_word' id='word_1_208' title='bbox 435 3213 438 3220; x_wconf 63' lang='lat'><em>,</em></span> <span class='ocrx_word' id='word_1_209' title='bbox 449 3159 476 3204; x_wconf 93' lang='lat' dir='ltr'><em>e.</em></span> <span class='ocrx_word' id='word_1_210' title='bbox 494 3140 631 3220; x_wconf 78' lang='lat' dir='ltr'><em>pedestri</em></span> <span class='ocrx_word' id='word_1_211' title='bbox 650 3140 770 3205; x_wconf 73' lang='lat' dir='ltr'>itinera.</span> <span class='ocrx_word' id='word_1_212' title='bbox 786 3141 904 3223; x_wconf 83' lang='lat' dir='ltr'>(Attice</span> <span class='ocrx_word' id='word_1_213' title='bbox 916 3138 1013 3221; x_wconf 71' lang='grc' dir='ltr'><em>πεζῇ).</em></span> <span class='ocrx_word' id='word_1_214' title='bbox 1026 3141 1089 3205; x_wconf 83' lang='lat' dir='ltr'><em>Sed</em></span> <span class='ocrx_word' id='word_1_215' title='bbox 1099 3139 1214 3221; x_wconf 92' lang='lat' dir='ltr'>Polyb.</span> <span class='ocrx_word' id='word_1_216' title='bbox 1229 3141 1289 3203; x_wconf 84' lang='grc'><em>507</em></span> <span class='ocrx_word' id='word_1_217' title='bbox 1306 3161 1313 3201; x_wconf 90' lang='lat'>:</span> <span class='ocrx_word' id='word_1_218' title='bbox 1329 3140 1369 3201; x_wconf 88' lang='grc'><em>19</em></span> 
     </span>
     <span class='ocr_line' id='line_1_25' title="bbox 250 3251 1372 3335; baseline -0.001 -19"><span class='ocrx_word' id='word_1_219' title='bbox 250 3252 309 3335; x_wconf 82' lang='lat' dir='ltr'><em>(VI</em></span> <span class='ocrx_word' id='word_1_220' title='bbox 322 3275 329 3316; x_wconf 91' lang='lat'>:</span> <span class='ocrx_word' id='word_1_221' title='bbox 344 3254 383 3316; x_wconf 87' lang='grc'><em>27</em></span> <span class='ocrx_word' id='word_1_222' title='bbox 400 3275 407 3316; x_wconf 91' lang='lat'>:</span> <span class='ocrx_word' id='word_1_223' title='bbox 422 3254 453 3335; x_wconf 89' lang='grc'><em>2)</em></span> <span class='ocrx_word' id='word_1_224' title='bbox 482 3252 577 3317; x_wconf 89' lang='lat' dir='ltr'>habet</span> <span class='ocrx_word' id='word_1_225' title='bbox 608 3253 850 3318; x_wconf 88' lang='lat' dir='ltr'>substantivum</span> <span class='ocrx_word' id='word_1_226' title='bbox 873 3251 1006 3329; x_wconf 79' lang='grc' dir='ltr'><em>ἐμβαδὸν</em></span> <span class='ocrx_word' id='word_1_227' title='bbox 1030 3278 1072 3311; x_wconf 92' lang='lat'><strong><em>=</em></strong></span> <span class='ocrx_word' id='word_1_228' title='bbox 1096 3271 1186 3330; x_wconf 78' lang='lat' dir='ltr'>area3</span> <span class='ocrx_word' id='word_1_229' title='bbox 1210 3272 1285 3316; x_wconf 89' lang='lat' dir='ltr'><em>cum</em></span> <span class='ocrx_word' id='word_1_230' title='bbox 1307 3251 1372 3316; x_wconf 86' lang='lat' dir='ltr'><em>Ro-</em></span> 
     </span>
     <span class='ocr_line' id='line_1_26' title="bbox 249 3359 1371 3449; baseline -0.002 -19"><span class='ocrx_word' id='word_1_231' title='bbox 249 3367 337 3430; x_wconf 87' lang='lat' dir='ltr'>mani</span> <span class='ocrx_word' id='word_1_232' title='bbox 367 3369 470 3429; x_wconf 87' lang='lat' dir='ltr'>castra</span> <span class='ocrx_word' id='word_1_233' title='bbox 499 3372 625 3449; x_wconf 90' lang='lat' dir='ltr'>ponunt</span> <span class='ocrx_word' id='word_1_234' title='bbox 654 3364 782 3438; x_wconf 72' lang='grc' dir='ltr'><em>τεθείσης</em></span> <span class='ocrx_word' id='word_1_235' title='bbox 805 3365 837 3428; x_wconf 81' lang='grc' dir='ltr'><em>δὲ</em></span> <span class='ocrx_word' id='word_1_236' title='bbox 859 3372 912 3438; x_wconf 79' lang='grc' dir='ltr'><em>τῆς</em></span> <span class='ocrx_word' id='word_1_237' title='bbox 936 3365 1069 3442; x_wconf 87' lang='grc' dir='ltr'><em>σημαίας</em></span> <span class='ocrx_word' id='word_1_238' title='bbox 1093 3359 1125 3428; x_wconf 81' lang='grc' dir='ltr'><em>οὗ</em></span> <span class='ocrx_word' id='word_1_239' title='bbox 1147 3363 1288 3442; x_wconf 78' lang='grc' dir='ltr'><em>μέλλοντι</em></span> <span class='ocrx_word' id='word_1_240' title='bbox 1307 3359 1371 3438; x_wconf 77' lang='grc' dir='ltr'><em>ιπη-</em></span> 
     </span>
     <span class='ocr_line' id='line_1_27' title="bbox 249 3474 1371 3559; baseline 0.001 -19"><span class='ocrx_word' id='word_1_241' title='bbox 249 3476 351 3554; x_wconf 71' lang='grc' dir='ltr'><em>γνύναι</em></span> <span class='ocrx_word' id='word_1_242' title='bbox 374 3476 495 3550; x_wconf 83' lang='grc' dir='ltr'><em>ταύτην,</em></span> <span class='ocrx_word' id='word_1_243' title='bbox 519 3475 728 3559; x_wconf 86' lang='grc' dir='ltr'><em>αἰπσμετρεῖται</em></span> <span class='ocrx_word' id='word_1_244' title='bbox 750 3474 831 3557; x_wconf 78' lang='grc' dir='ltr'><em>πέριξ</em></span> <span class='ocrx_word' id='word_1_245' title='bbox 854 3482 908 3550; x_wconf 78' lang='grc' dir='ltr'><em>τῆς</em></span> <span class='ocrx_word' id='word_1_246' title='bbox 928 3477 1061 3555; x_wconf 82' lang='grc' dir='ltr'><em>σημαίας</em></span> <span class='ocrx_word' id='word_1_247' title='bbox 1081 3475 1371 3557; x_wconf 74' lang='grc' dir='ltr'><em>τετριίγωνσςτίπσς,</em></span> 
     </span>
     <span class='ocr_line' id='line_1_28' title="bbox 251 3588 1373 3672; baseline 0.003 -20"><span class='ocrx_word' id='word_1_248' title='bbox 251 3588 322 3661; x_wconf 77' lang='grc' dir='ltr'><em>ὥςτε</em></span> <span class='ocrx_word' id='word_1_249' title='bbox 344 3589 446 3663; x_wconf 85' lang='grc' dir='ltr'><em>παίσας</em></span> <span class='ocrx_word' id='word_1_250' title='bbox 470 3592 525 3663; x_wconf 84' lang='grc' dir='ltr'><em>τὸις</em></span> <span class='ocrx_word' id='word_1_251' title='bbox 549 3593 676 3672; x_wconf 73' lang='grc' dir='ltr'><em>πλευρὰς</em></span> <span class='ocrx_word' id='word_1_252' title='bbox 700 3591 802 3656; x_wconf 83' lang='grc' dir='ltr'><em>ἑκατὸν</em></span> <span class='ocrx_word' id='word_1_253' title='bbox 826 3590 953 3671; x_wconf 77' lang='grc' dir='ltr'><em>ἀπέχειν</em></span> <span class='ocrx_word' id='word_1_254' title='bbox 976 3589 1071 3663; x_wconf 85' lang='grc' dir='ltr'><em>πίδας</em></span> <span class='ocrx_word' id='word_1_255' title='bbox 1093 3598 1148 3665; x_wconf 76' lang='grc' dir='ltr'><em>τῆς</em></span> <span class='ocrx_word' id='word_1_256' title='bbox 1172 3591 1314 3665; x_wconf 88' lang='grc' dir='ltr'><em>σημαίας,</em></span> <span class='ocrx_word' id='word_1_257' title='bbox 1339 3592 1373 3656; x_wconf 92' lang='grc' dir='ltr'><em>τὸ</em></span> 
     </span>
     <span class='ocr_line' id='line_1_29' title="bbox 251 3695 1374 3784; baseline 0 -17"><span class='ocrx_word' id='word_1_258' title='bbox 251 3703 277 3767; x_wconf 89' lang='grc' dir='ltr'><em>δ’</em></span> <span class='ocrx_word' id='word_1_259' title='bbox 302 3702 435 3779; x_wconf 81' lang='grc' dir='ltr'><em>ἐμβαδὸν</em></span> <span class='ocrx_word' id='word_1_260' title='bbox 458 3703 586 3780; x_wconf 73' lang='grc' dir='ltr'><em>γίνεσὸαι</em></span> <span class='ocrx_word' id='word_1_261' title='bbox 608 3703 823 3784; x_wconf 79' lang='grc' dir='ltr'><em>τετρσὸπλεὸρσν.</em></span> <span class='ocrx_word' id='word_1_262' title='bbox 850 3743 891 3751; x_wconf 94' lang='grc'>-</span> <span class='ocrx_word' id='word_1_263' title='bbox 914 3695 1015 3768; x_wconf 73' lang='lat' dir='ltr'>Porro</span> <span class='ocrx_word' id='word_1_264' title='bbox 1040 3706 1251 3770; x_wconf 84' lang='lat' dir='ltr'>restituerunt</span> <span class='ocrx_word' id='word_1_265' title='bbox 1261 3704 1374 3767; x_wconf 83' lang='lat' dir='ltr'>adver·</span> 
     </span>
     <span class='ocr_line' id='line_1_30' title="bbox 254 3816 1373 3901; baseline -0.001 -21"><span class='ocrx_word' id='word_1_266' title='bbox 254 3817 343 3881; x_wconf 89' lang='lat' dir='ltr'>bium</span> <span class='ocrx_word' id='word_1_267' title='bbox 366 3816 507 3901; x_wconf 80' lang='lat' dir='ltr'>Scaliger</span> <span class='ocrx_word' id='word_1_268' title='bbox 529 3824 561 3882; x_wconf 91' lang='lat' dir='ltr'>et</span> <span class='ocrx_word' id='word_1_269' title='bbox 582 3817 697 3882; x_wconf 80' lang='lat' dir='ltr'>Coraes</span> <span class='ocrx_word' id='word_1_270' title='bbox 716 3821 750 3882; x_wconf 90' lang='lat' dir='ltr'><em>in</em></span> <span class='ocrx_word' id='word_1_271' title='bbox 763 3819 897 3900; x_wconf 90' lang='lat' dir='ltr'>Polybio</span> <span class='ocrx_word' id='word_1_272' title='bbox 914 3819 996 3881; x_wconf 81' lang='grc'><em>1302</em></span> <span class='ocrx_word' id='word_1_273' title='bbox 1012 3840 1019 3882; x_wconf 91' lang='lat'>:</span> <span class='ocrx_word' id='word_1_274' title='bbox 1034 3821 1074 3881; x_wconf 88' lang='grc'><em>29</em></span> <span class='ocrx_word' id='word_1_275' title='bbox 1091 3816 1272 3900; x_wconf 78' lang='lat' dir='ltr'>(XXXIVz</span> <span class='ocrx_word' id='word_1_276' title='bbox 1287 3823 1304 3880; x_wconf 88' lang='grc'><strong>5</strong></span> <span class='ocrx_word' id='word_1_277' title='bbox 1320 3838 1326 3880; x_wconf 92' lang='lat'>:</span> <span class='ocrx_word' id='word_1_278' title='bbox 1342 3818 1373 3899; x_wconf 83' lang='grc'><em>2)</em></span> 
     </span>
     <span class='ocr_line' id='line_1_31' title="bbox 253 3927 1375 4015; baseline 0.001 -21"><span class='ocrx_word' id='word_1_279' title='bbox 253 3928 321 4003; x_wconf 76' lang='grc' dir='ltr'><em>ὅλην</em></span> <span class='ocrx_word' id='word_1_280' title='bbox 350 3927 406 4006; x_wconf 82' lang='grc' dir='ltr'><em>μὲν</em></span> <span class='ocrx_word' id='word_1_281' title='bbox 437 3930 489 4001; x_wconf 77' lang='grc' dir='ltr'><em>τὸν</em></span> <span class='ocrx_word' id='word_1_282' title='bbox 512 3930 701 4010; x_wconf 77' lang='grc' dir='ltr'><em>Βρεττανικὸν</em></span> <span class='ocrx_word' id='word_1_283' title='bbox 724 3931 858 4009; x_wconf 84' lang='grc' dir='ltr'><em>ἐμβαδὸν</em></span> <span class='ocrx_word' id='word_1_284' title='bbox 881 3932 1012 3995; x_wconf 78' lang='grc' dir='ltr'><em>ἐπελθεῖν</em></span> <span class='ocrx_word' id='word_1_285' title='bbox 1036 3951 1092 4015; x_wconf 87' lang='lat' dir='ltr'><em>pro</em></span> <span class='ocrx_word' id='word_1_286' title='bbox 1117 3930 1260 4008; x_wconf 84' lang='grc' dir='ltr'><em>ἐμβατὸν,</em></span> <span class='ocrx_word' id='word_1_287' title='bbox 1286 3933 1375 4015; x_wconf 90' lang='lat' dir='ltr'>quod</span> 
     </span>
     <span class='ocr_line' id='line_1_32' title="bbox 254 4041 1374 4129; baseline -0.001 -23"><span class='ocrx_word' id='word_1_288' title='bbox 254 4042 429 4107; x_wconf 88' lang='lat' dir='ltr'>Dindorfe</span> <span class='ocrx_word' id='word_1_289' title='bbox 452 4042 592 4107; x_wconf 88' lang='lat' dir='ltr'>Diodoro</span> <span class='ocrx_word' id='word_1_290' title='bbox 616 4047 736 4109; x_wconf 85' lang='lat' dir='ltr'>exemit</span> <span class='ocrx_word' id='word_1_291' title='bbox 757 4045 848 4108; x_wconf 75' lang='lat'>1:57</span> <span class='ocrx_word' id='word_1_292' title='bbox 874 4045 893 4126; x_wconf 65' lang='grc' dir='ltr'>ἓ</span> <span class='ocrx_word' id='word_1_293' title='bbox 917 4047 936 4106; x_wconf 82' lang='grc'><strong>3</strong></span> <span class='ocrx_word' id='word_1_294' title='bbox 959 4045 1094 4129; x_wconf 85' lang='lat' dir='ltr'>legendo</span> <span class='ocrx_word' id='word_1_295' title='bbox 1120 4045 1137 4116; x_wconf 76' lang='grc' dir='ltr'><em>ἡ</em></span> <span class='ocrx_word' id='word_1_296' title='bbox 1158 4041 1298 4122; x_wconf 86' lang='grc' dir='ltr'><em>κρατίστη</em></span> <span class='ocrx_word' id='word_1_297' title='bbox 1319 4049 1374 4116; x_wconf 76' lang='grc' dir='ltr'><em>τῆς</em></span> 
     </span>
     <span class='ocr_line' id='line_1_33' title="bbox 254 4156 913 4238; baseline -0.002 -17"><span class='ocrx_word' id='word_1_298' title='bbox 254 4156 427 4235; x_wconf 74' lang='grc' dir='ltr'><em>Αἰγύπτου.</em></span> <span class='ocrx_word' id='word_1_299' title='bbox 443 4204 449 4219; x_wconf 93' lang='grc'><strong><em>.</em></strong></span> <span class='ocrx_word' id='word_1_300' title='bbox 464 4204 472 4220; x_wconf 92' lang='grc'><strong>.</strong></span> <span class='ocrx_word' id='word_1_301' title='bbox 488 4204 495 4220; x_wconf 93' lang='grc'><strong>.</strong></span> <span class='ocrx_word' id='word_1_302' title='bbox 519 4163 588 4228; x_wconf 84' lang='grc' dir='ltr'><em>ταῖς</em></span> <span class='ocrx_word' id='word_1_303' title='bbox 610 4157 753 4238; x_wconf 81' lang='grc' dir='ltr'><em>συνωρίσιν</em></span> <span class='ocrx_word' id='word_1_304' title='bbox 777 4156 913 4234; x_wconf 81' lang='grc' dir='ltr'><em>εὔβατος.</em></span> 
     </span>
    </p>

    <p class='ocr_par' dir='ltr' id='par_1_5' title="bbox 58 4265 1376 4357">
     <span class='ocr_line' id='line_1_34' title="bbox 58 4265 1376 4357; baseline 0.002 -23"><span class='ocrx_word' id='word_1_305' title='bbox 58 4265 239 4347; x_wconf 85' lang='grc' dir='ltr'><em>ἐμπεδσς.</em></span> <span class='ocrx_word' id='word_1_306' title='bbox 267 4269 339 4334; x_wconf 78' lang='lat' dir='ltr'><em>Vox</em></span> <span class='ocrx_word' id='word_1_307' title='bbox 361 4272 492 4356; x_wconf 85' lang='lat' dir='ltr'>poetica,</span> <span class='ocrx_word' id='word_1_308' title='bbox 516 4290 599 4357; x_wconf 84' lang='lat' dir='ltr'>quae</span> <span class='ocrx_word' id='word_1_309' title='bbox 621 4290 783 4357; x_wconf 81' lang='lat' dir='ltr'>nusquam</span> <span class='ocrx_word' id='word_1_310' title='bbox 803 4273 840 4335; x_wconf 88' lang='lat' dir='ltr'><em>in</em></span> <span class='ocrx_word' id='word_1_311' title='bbox 858 4290 952 4356; x_wconf 85' lang='lat' dir='ltr'>prosa</span> <span class='ocrx_word' id='word_1_312' title='bbox 964 4273 1104 4337; x_wconf 85' lang='lat' dir='ltr'>occurrit</span> <span class='ocrx_word' id='word_1_313' title='bbox 1116 4276 1147 4335; x_wconf 91' lang='lat' dir='ltr'>et</span> <span class='ocrx_word' id='word_1_314' title='bbox 1159 4270 1199 4334; x_wconf 89' lang='lat' dir='ltr'><em>ab</em></span> <span class='ocrx_word' id='word_1_315' title='bbox 1211 4269 1376 4354; x_wconf 89' lang='lat' dir='ltr'>Hesychio</span> 
     </span>
    </p>
   </div>
   <div class='ocr_carea' id='block_1_3' title="bbox 0 0 1571 5002">
    <p class='ocr_par' dir='ltr' id='par_1_6' title="bbox 0 0 1571 5002">
     <span class='ocr_line' id='line_1_35' title="bbox 0 0 1571 5002; baseline 0 0"><span class='ocrx_word' id='word_1_316' title='bbox 0 0 1571 5002; x_wconf 95' lang='lat' dir='ltr'><em> </em></span> 
     </span>
    </p>
   </div>
  </div>
 </body>
</html>
