3082 5002
817 518 858 578 65

824 831 858 884 X.

128 1061 134 1098 ι
141 1035 277 1118 ράσσω.
310 1033 465 1114 Ινιεσιάριο.
497 1033 594 1098 Αουο.
619 1033 764 1098 Verbum
787 1030 932 1112 χαράστο
958 1034 1073 1097 necin
1098 1032 1206 1096 Attica
1228 1051 1322 1115 prosa
1346 1051 1406 1095 nec

277 1150 310 1212 in
334 1148 498 1212 comoedia
520 1147 647 1231 legitur.
667 1146 831 1211 Hesiodus
855 1145 913 1230 Op.
941 1146 1014 1229 387,
1039 1146 1102 1208 573
1127 1144 1213 1209 Sout.
1238 1146 1302 1207 235
1324 1164 1405 1208 usus

277 1270 325 1327 est
346 1282 404 1346 pro
428 1261 515 1338 θάγω,
540 1260 656 1333 άιιονάν,
681 1259 719 1324 cf.
743 1259 837 1323 Pind.
862 1259 958 1341 Pyth.
980 1259 1017 1322 I:
1033 1261 1074 1322 28
1095 1257 1152 1322 ubi
1173 1255 1406 1337 σσρυμνάάοιαν

276 1378 361 1438 νῶτον
390 1374 531 1459 Typhoei
562 1373 623 1438 sub
657 1374 764 1438 Aetna
787 1375 919 1437 iacentis
944 1369 1092 1452 χαράσσει
1115 1373 1135 1434 i.
1159 1391 1184 1436 e.
1208 1374 1404 1457 perstringit.

275 1488 393 1553 Herod.
425 1488 543 1552 VIM
580 1488 664 1551 dixit
693 1484 923 1566 κεχαραγμένος
953 1484 1010 1549 τινί
1031 1511 1072 1544 :
1097 1487 1208 1568 natue,
1232 1487 1278 1549 sic
1310 1488 1403 1550 etiam

276 1601 386 1686 Ilurip.
427 1601 511 1666 Med.
552 1602 623 1665 156.
659 1601 842 1682 Aeschylus
876 1600 963 1664 Pers.
1001 1600 1065 1663 683
1101 1600 1267 1683 coniungit
1300 1597 1403 1671 στένει,

278 1712 419 1778 κέκοπται
449 1711 500 1777 καὶ
526 1711 715 1794 χαράσσεται
741 1714 780 1778 de
802 1719 887 1778 terra
909 1713 1043 1797 pulsata.
1069 1750 1109 1758 -
1133 1712 1298 1796 Frequens
1323 1732 1403 1777 usus

278 1828 376 1893 huius
406 1827 554 1892 vocabuli
586 1833 634 1892 est
663 1828 748 1912 apud
773 1829 948 1912 aequiores,
972 1827 1008 1891 cf.
1032 1826 1144 1908 Polyb.
1173 1827 1235 1889 743
1251 1847 1257 1889 :
1272 1828 1314 1888 22
1339 1826 1403 1905 (Xz

278 1943 318 2003 27
334 1963 340 2004 :
356 1942 408 2024 13)
432 1941 464 2004 τὸ
487 1941 644 2021 χαραχάὲν
660 1989 667 2003 .
682 1988 710 2003 ..
727 1989 734 2004 .
759 1938 902 2018 νόμισμα,
924 1940 980 2005 ubi
999 1941 1107 2004 Attice
1123 1941 1183 2003 hoc
1196 1959 1294 2004 sensu
1307 1939 1404 2002 κόπου

200 2120 207 2135 .
277 2054 405 2119 dixeris.
434 2053 597 2118 Diodorus
623 2074 718 2138 saepe
741 2054 823 2117 dixit
847 2054 885 2117 de
906 2054 1022 2117 litteris
1046 2053 1099 2117 vel
1124 2053 1225 2136 signis
1249 2071 1332 2135 quae
1355 2054 1405 2114 in-

277 2167 470 2248 scribuntur,
501 2166 538 2229 cf.
562 2166 691 2228 111:44
715 2167 733 2248 ἓ
759 2168 787 2248 3,
811 2165 898 2230 XII:
913 2167 954 2229 26
981 2167 999 2247 ξ
1025 2167 1055 2247 1,
1076 2165 1134 2249 hg.
1158 2164 1227 2228 libr.
1252 2164 1401 2228 XXXIV

279 2284 309 2343 et
339 2279 473 2342 XXXV
504 2281 523 2341 2
555 2280 574 2360 ἓ
599 2281 639 2342 32
664 2280 724 2362 (ed.
747 2278 843 2344 Dind.
867 2280 937 2344 Vol.
960 2281 992 2342 V
1013 2301 1063 2364 pg.
1089 2280 1139 2362 96,
1163 2278 1243 2342 Exc.
1269 2279 1308 2342 de
1332 2281 1402 2343 virt.

279 2397 310 2455 et
333 2393 387 2455 vit.
413 2393 477 2455 599
489 2391 560 2473 W.).
586 2391 630 2455 Of.
653 2393 707 2456 hic
728 2393 830 2457 index
854 2414 876 2458 s.
902 2415 930 2456 v.
954 2391 1140 2470 ἐγκολάσσοι.

129 2501 302 2583 αμαλός.
339 2502 487 2568 Humilis.
520 2504 704 2586 Hesychius
739 2506 880 2590 explicat
911 2525 967 2590 per
999 2505 1143 2577 ταπεινάς,
1176 2502 1244 2578 ἴσος,
1277 2502 1403 2582 άμαλος,

276 2624 383 2690 κοῖλος.
419 2655 461 2664 -
498 2617 645 2683 Occurrit
675 2624 802 2683 vetusto
834 2624 976 2703 tempore
1006 2620 1091 2703 apud
1113 2619 1293 2683 Homerum
1316 2642 1324 2681 ι
1351 2621 1402 2701 25,

264 2756 294 2796 ,κ
320 2732 392 2815 196,
416 2745 436 2794 λ
461 2733 533 2815 194,
558 2754 583 2809 μ
610 2733 682 2815 161,
705 2739 736 2795 Ν
760 2733 834 2795 683.
858 2732 973 2796 Postea
996 2733 1081 2816 apud
1100 2733 1263 2797 nemiuem
1285 2732 1403 2816 legitur

277 2850 350 2909 ante
384 2844 640 2930 Xenophontem,
670 2847 726 2930 qui
758 2847 856 2911 semel
886 2866 967 2911 usus
998 2852 1054 2928 est,
1077 2844 1209 2910 Memor.
1233 2845 1305 2909 III:
1321 2848 1358 2909 8:
1374 2847 1403 2927 9,

277 2957 314 3021 οι.
338 2978 431 3042 porro
454 2958 581 3023 rneoer.
606 2936 790 3042 xviris,
809 2960 914 3044 Apoll.
933 2959 1034 3023 enon.
1054 2948 1402 3044 111:1158‚[[s00rat]

141 3090 144 3097 ·
277 3069 409 3154 Epistol.
443 3070 529 3135 X12
565 3074 623 3154 (συ.
654 3072 775 3151 elassa
809 3111 850 3119 -
881 3073 1038 3155 Polybius
1072 3049 1189 3136 reric
1214 3072 1355 3154 (x:1o÷
1373 3074 1403 3153 ι)

164 3244 167 3250 ,
276 3180 397 3264 λόφοις.
412 3230 419 3247 .
434 3232 441 3248 .
456 3231 464 3248 .
487 3184 741 3266 χάαμαλυσέροις.

128 3293 419 3376 υσοσσὲφανος.
444 3298 556 3365 Aureo
577 3300 741 3365 redimitus
762 3320 884 3365 corono.
908 3300 1003 3364 Hom.
1026 3301 1135 3380 hymn.
1156 3299 1206 3364 V:
1223 3300 1251 3382 1,
1271 3298 1401 3364 Hesiod.

275 3411 389 3496 Theog.
416 3413 467 3490 17,
490 3414 562 3477 136.
583 3414 711 3478 Pindar.
732 3412 859 3498 Olymp.
879 3413 980 3476 VHI:
997 3415 1025 3496 1,
1037 3414 1122 3497 apud
1137 3433 1210 3477 eum
1224 3415 1259 3476 in
1272 3411 1401 3497 Olymp.

277 3525 343 3589 VI:
358 3528 397 3589 57
424 3533 455 3592 et
477 3527 570 3608 Pyth.
594 3527 663 3590 IX:
679 3527 743 3591 199
766 3533 814 3591 est
833 3528 994 3611 epitheton
1013 3526 1130 3591 Hebes
1151 3524 1222 3605 Κόρη
1237 3528 1283 3590 sic
1295 3527 1402 3611 appel-

274 3639 360 3703 latur
382 3640 468 3724 apud
490 3638 677 3723 Euripidem
701 3640 768 3704 Ion.
794 3640 888 3703 1085.
912 3640 951 3703 In
974 3659 1069 3724 prosa
1091 3641 1215 3723 primus
1239 3640 1398 3721 Polybius

275 3754 377 3817 utitur
401 3755 564 3817 1232:27
588 3752 840 3837 (XXXI:3:6)
864 3754 903 3818 de
926 3752 1099 3837 equitibus,
1119 3748 1154 3816 ὧν
1176 3753 1199 3817 οἱ
1218 3753 1273 3831 μὲν
1286 3753 1402 3825 πλείους

276 3858 350 3936 ἦσαν
372 3865 595 3947 χρυσοφάλαροι
617 3864 670 3930 καὶ
693 3864 937 3947 χρυσοστέφανοι,
958 3865 981 3929 οἱ
1000 3865 1026 3929 δ’
1047 3863 1132 3930 άλλοι
1155 3863 1401 3947 ἀργυροφάλαροι.

275 3978 473 4044 Huiusmodi
495 3982 743 4064 compositorum
765 4000 838 4045 cum
858 4002 950 4060 χρυσο
971 4015 1014 4027 -
1033 3985 1065 4045 et
1083 3977 1188 4060 σἰργυρο
1203 4018 1246 4028 —-
1259 3979 1399 4044 vocabu-

274 4093 381 4157 lorum
404 4095 543 4158 occurrit
566 4090 743 4173 άργυράσους
765 4095 798 4157 in
818 4093 965 4177 Xenoph.
984 4094 1087 4157 Anab.
1101 4093 1149 4156 IV
1163 4115 1169 4155 :
1183 4095 1224 4155 4:
1241 4094 1292 4173 21,
1304 4091 1397 4156 Dem.

275 4228 301 4268 κ.
335 4213 458 4286 Τιμοκρ.
496 4208 514 4288 ᾗ
547 4208 619 4270 129.
654 4245 695 4252 -
727 4207 894 4272 Praeterea
924 4203 1104 4285 χαλκάσπις
1127 4210 1200 4270 ante
1224 4204 1399 4287 Polybium

277 4320 360 4382 178:
376 4321 416 4382 18
441 4319 503 4402 (Hx
519 4321 560 4382 66
575 4342 581 4383 ;
597 4323 627 4402 5)
650 4322 871 4387 tantummodo
895 4320 980 4404 apud
1003 4325 1112 4403 poetas
1134 4321 1264 4404 legitur,
1289 4320 1400 4383 sedin

1281 4429 1298 4479 5
