3082 5002
756 518 802 562 XII

216 689 267 752 vel
297 690 330 751 in
362 687 533 769 comoedia,
556 706 614 770 pro
645 690 730 749 certo
755 683 885 764 dixeris,
909 682 1081 763 Polybium
1105 687 1138 746 et
1160 681 1339 746 Diodorum

215 802 293 865 haec
322 802 517 865 convertisse
546 802 582 863 in
614 819 710 864 suum
741 817 838 861 usum
871 816 888 861 e
920 796 1064 880 diligenti
1087 801 1252 880 poetarum
1275 796 1338 860 lec·

215 915 310 978 tione:
342 913 477 978 Etiamsi
503 913 595 976 Plato
621 913 689 975 sive
710 910 913 991 Thucydides
936 928 1002 972 uno
1026 909 1165 974 alterove
1188 909 1257 973 loco
1281 908 1338 972 ubi

216 1030 355 1111 assurgit
385 1029 494 1110 oratio,
526 1027 576 1090 his
607 1025 743 1089 vocibus
767 1025 817 1088 usi
841 1028 927 1106 sunt,
950 1023 1031 1085 nihil
1053 1028 1160 1088 tamen
1183 1022 1338 1106 prohibet,

217 1142 392 1225 quominus
426 1140 498 1202 illas
531 1140 615 1201 inter
643 1138 782 1221 poeticas
805 1137 1014 1220 recipiamus3
1038 1154 1098 1199 nec
1128 1136 1191 1198 loci
1214 1135 1337 1199 Aristo·

216 1254 339 1337 phanis,
371 1252 428 1316 ubi
458 1254 491 1314 in
516 1251 657 1315 carmine
679 1249 793 1313 mehco
818 1249 929 1312 autin
952 1248 1122 1313 manifesta
1145 1250 1338 1332 tragicorum

216 1365 365 1450 paroedia
398 1368 580 1446 occurrunt,
616 1363 749 1427 obstant.
783 1361 840 1426 Sin
872 1367 979 1426 autem
1010 1363 1045 1424 in
1069 1362 1203 1445 dialogis
1225 1361 1338 1426 Musae

217 1480 357 1542 comicae
379 1479 599 1558 inveniuntur,
624 1475 681 1539 ubi
703 1475 794 1539 nulla
816 1480 864 1538 est
886 1494 946 1539 nec
968 1474 1099 1558 parodia
1120 1494 1181 1539 nec
1198 1479 1338 1558 paratra-

219 1591 341 1675 goedia,
365 1591 506 1654 maxime
528 1589 622 1653 credo
646 1589 789 1651 inillam
813 1593 934 1671 partem
958 1587 1179 1651 inclinandum
1203 1607 1284 1671 esse,
1302 1593 1340 1652 ut

218 1723 271 1768 eas
305 1705 451 1787 volgares
486 1703 638 1766 dicamus.
670 1700 827 1777 Quoniam
860 1701 900 1764 de
930 1701 979 1764 his
1003 1700 1178 1783 vocabuIiS,
1201 1703 1339 1785 quaein

218 1816 382 1880 comoedia
404 1817 484 1880 lecta
509 1817 542 1879 in
568 1815 673 1879 soluta
696 1816 838 1878 oratione
861 1814 955 1878 hodie
974 1833 1038 1878 non
1059 1815 1272 1897 reperiuntur,
1285 1815 1341 1878 diu

218 1930 350 2010 haesivi,
373 1949 453 1992 num
476 1929 533 1991 illa
553 1929 637 1991 inter
660 1930 784 2011 poetica
807 1928 858 1990 vel
880 1927 1043 1990 dialectica
1065 1929 1248 2010 reciperem,
1271 1932 1341 1992 tan-

222 2042 293 2106 dem
317 2042 374 2105 illa
398 2061 513 2125 magna
535 2060 576 2104 ex
598 2045 686 2124 parte
708 2041 792 2104 inter
815 2040 970 2104 Addenda
993 2041 1094 2123 posui.
1119 2038 1341 2105 (lentissimum

221 2160 326 2220 autem
350 2154 515 2236 indicium,
538 2153 731 2218 vocabulum
754 2154 884 2236 aliquod
907 2173 971 2216 non
991 2172 1010 2217 e
1028 2153 1159 2237 linguae
1177 2155 1341 2237 popularis
1466 2237 1470 2243 ι

219 2267 306 2332 fonte
338 2286 493 2348 manasse,
524 2268 584 2331 hoc
615 2271 671 2350 est,
695 2269 723 2330 si
747 2269 901 2331 usitatum
924 2265 1117 2330 vocabulum
1139 2267 1284 2330 Atticum
1306 2269 1341 2331 in

220 2383 327 2445 locum
350 2382 419 2445 eius
443 2381 638 2445 substituere
659 2383 772 2464 possis,
797 2380 882 2464 quod
905 2379 966 2445 feci
989 2382 1115 2464 quoties
1140 2382 1238 2464 potui.

267 2494 439 2577 Quaerens,
463 2513 546 2578 quae
568 2494 726 2557 vocabula
750 2495 839 2576 opica
862 2498 893 2559 et
916 2495 1036 2577 tragica
1054 2493 1211 2575 Polybius
1224 2492 1342 2557 etDio-

221 2610 319 2673 dorus
342 2609 538 2692 usurparint,
561 2609 647 2671 ultro
666 2608 765 2671 incidi
784 2608 818 2670 in
838 2606 936 2671 verba
953 2607 1143 2689 Herodotea,
1157 2609 1215 2690 qui
1226 2609 1342 2690 prima-

221 2723 289 2788 rius
312 2720 385 2784 fone
409 2720 559 2784 dialectae
583 2719 710 2784 Ionicae
734 2725 799 2799 est;
823 2721 924 2783 maior
943 2724 1049 2784 autern
1064 2725 1343 2804 vetustotempore

222 2834 425 2899 necessitudo
451 2835 535 2896 inter
557 2838 697 2897 veterem
721 2834 863 2897 Atticam
886 2835 1057 2898 dialectum
1078 2840 1109 2898 et
1128 2833 1271 2898 Ionicam
1282 2833 1344 2898 fuit

224 2968 320 3030 quarn
352 2951 469 3030 postea,
502 2947 548 3009 ita
580 2950 617 3009 ut
647 2947 748 3010 multa
777 2946 934 3011 vocabula
964 2948 1073 3011 Ionica
1097 2948 1342 3031 apud-tragicos

221 3061 377 3142 invenias,
400 3078 460 3123 nec
483 3057 617 3123 fortasse
639 3064 687 3122 est
711 3060 945 3144 neglegendum
964 3059 1152 3143 Sophoclem
1171 3060 1344 3124 admodum

221 3172 322 3249 fuisse
345 3171 539 3252 araphae,
564 3172 602 3234 cf.
627 3171 726 3237 Cobet
748 3174 781 3235 in
805 3173 959 3237 Mnemos.
983 3172 1034 3236 XI
1051 3193 1102 3257 pg.
1125 3174 1197 3236 128.
1218 3172 1344 3236 -Hoo

224 3287 318 3351 modo
347 3286 510 3370 vocabula,
534 3306 615 3370 quae
638 3291 859 3370 praeterquam
884 3286 968 3369 apud
991 3290 1110 3370 poetas,
1133 3286 1219 3369 apud
1241 3285 1343 3350 Hero-

224 3400 334 3463 dotum
358 3399 625 3482 Hippocratemve
647 3401 681 3463 in
704 3400 831 3483 scriptis
853 3400 1004 3483 genuinis
1026 3399 1187 3483 leguntur,
1207 3401 1241 3462 in
1256 3399 1344 3462 hunc

223 3513 361 3577 indicem
395 3514 509 3595 recepi,
538 3534 601 3596 qua
632 3514 666 3577 in
696 3532 731 3576 re
761 3513 936 3577 tenendum
967 3518 1024 3594 est,
1048 3514 1134 3596 quod
1158 3515 1221 3577 iam
1247 3533 1343 3596 supra

224 3625 301 3706 dixi,
330 3624 577 3707 Xenophontem
608 3626 725 3690 multas
754 3645 848 3691 voces
871 3625 910 3690 ab
932 3627 1041 3691 Attica
1064 3627 1198 3690 dialecto
1223 3627 1343 3693 alienas

222 3738 380 3822 imprimis
404 3737 530 3801 Ionioas
553 3759 732 3822 usurpasse.
759 3778 800 3787 —
824 3740 912 3805 Inter
930 3741 1087 3804 vocabula
1105 3740 1223 3804 Dorica
1241 3745 1345 3816 μολεῖν

222 3852 337 3935 recepi,
361 3851 495 3914 dialecto
515 3851 719 3916 Macedonica
738 3860 769 3918 et
789 3855 1009 3919 Alexandrina
1029 3854 1180 3936 abstinui,
1191 3855 1344 3937 quoniam

222 3962 327 4045 verba,
352 3981 434 4046 quae
457 3981 498 4026 ex
520 3964 570 4026 his
593 3965 774 4029 recentibus
798 3967 941 4030 dialectis
960 3966 1344 4050 fluxerunt,iuomnibus

223 4075 506 4141 dissertationibus
530 4077 715 4159 ascriptis,
741 4097 822 4160 qnae
843 4079 881 4142 de
901 4080 1083 4144 elocutione
1095 4079 1224 4161 Polybii
1235 4084 1344 4162 agunt,

222 4193 441 4273 inveniuntur,
463 4190 500 4254 cf.
524 4191 681 4274 imprimis
703 4189 788 4259 frid.
811 4189 892 4258 huit.
915 4191 1013 4260 Siurz
1034 4194 1073 4258 de
1093 4193 1226 4257 dialecto
1239 4192 1344 4256 Mace-

226 4308 340 4370 donica
362 4310 393 4369 et
415 4305 635 4368 Alexandrina
657 4304 744 4369 liber.
763 4303 898 4388 Lipsiae.
920 4307 1005 4370 1808
1026 4306 1116 4389 (liber
1135 4308 1213 4370 satis
1232 4306 1344 4386 rarus).
