3082 5002
759 498 800 560 80

713 780 834 840 XXVI.

257 934 332 1000 Iure
356 935 501 1000 dubitare
526 935 631 1019 pessis
654 935 693 999 de
715 934 911 1016 Thucydidis
934 933 998 998 fide
1022 935 1181 998 historica.

707 1118 843 1179 XXVII.

258 1272 388 1338 Curtius
400 1273 505 1337 Rufus
516 1273 570 1337 X:
586 1275 605 1337 9
619 1275 638 1355 §
652 1274 738 1336 3-6
753 1273 810 1356 (ed.
823 1272 954 1337 Miitzell
966 1271 1018 1335 X:
1033 1274 1085 1353 28)
1099 1294 1105 1335 :
1118 1273 1252 1356 proinde
1264 1274 1336 1336 iure

214 1388 391 1470 meritoque
414 1386 553 1472 populus
577 1385 743 1471 Romanus
767 1386 903 1450 salutem
926 1405 960 1450 se
978 1386 1117 1469 principi
1136 1405 1196 1449 suo
1217 1384 1333 1449 debere

212 1499 388 1584 profitetur,
412 1501 468 1583 qui
491 1501 602 1581 noctis
626 1519 724 1583 quam
744 1518 846 1582 paene
868 1517 1050 1583 supremam
1073 1497 1256 1581 habuimus,
1279 1518 1336 1562 ne-

212 1634 289 1677 vum
326 1614 415 1677 sidus
449 1614 578 1676 inluxit.
612 1612 721 1677 Huius
755 1612 894 1695 hercule,
923 1631 988 1676 non
1020 1590 1097 1676 solis
1129 1613 1206 1676 ortis
1228 1613 1335 1676 lucem

213 1726 362 1810 caliganti
396 1726 534 1790 reddidit
568 1726 699 1807 mundo,
733 1745 807 1788 cum
842 1725 911 1789 sine
946 1743 1006 1788 suo
1039 1726 1142 1808 capite
1178 1724 1336 1789 discordia

212 1839 356 1903 membra
378 1838 581 1923 trepidarent.
606 1836 691 1913 Quot
714 1837 767 1902 ille
789 1842 859 1901 tum
879 1837 1020 1901 extinxit
1037 1837 1141 1901 faces!
1162 1843 1241 1920 quot
1260 1857 1335 1901 con-

212 1953 293 2016 didit
325 1952 466 2036 gladios!
503 1957 655 2035 quantam
690 1956 908 2036 tempestatem
944 1950 1051 2015 subita
1075 1953 1246 2016 serenitate
1269 1952 1336 2015 dis-

213 2066 330 2130 cussit!
353 2064 428 2128 Non
451 2084 526 2148 ergo
547 2065 711 2129 revirescit
734 2064 849 2146 solum,
868 2064 924 2128 sed
943 2065 1038 2128 etiam
1051 2063 1334 2148 floretimperium.
1415 2074 1420 2086 ·

256 2177 346 2243 Haec
368 2178 466 2243 verba
488 2184 632 2262 spectant
656 2179 696 2243 ad
718 2198 840 2242 annum
865 2178 906 2240 41
931 2198 965 2261 p.
990 2176 1023 2241 O.
1048 2197 1078 2241 n.

695 2363 849 2422 XXVIII.

256 2517 431 2583 Diodorum
467 2538 510 2583 ex
540 2517 701 2583 Herodoto
731 2519 801 2602 ipso
832 2519 979 2582 hausisse
1002 2517 1164 2602 probabile
1188 2538 1253 2582 nen
1276 2523 1333 2582 est.

708 2703 830 2762 XXIX.

256 2857 346 2922 Bello
380 2858 504 2921 Punico
534 2857 585 2920 III
607 2857 746 2941 gerendo
769 2855 908 2922 Romani
931 2859 1036 2942 potius
1058 2857 1253 2942 implacabili
1278 2858 1333 2921 ad-

211 2990 324 3035 versus
349 2969 571 3054 Carthaginem
591 2971 663 3034 odio
675 2970 891 3053 indulserunt,
904 2991 1000 3054 quam
1013 2972 1135 3035 iustum
1148 2976 1180 3035 et
1190 2989 1331 3054 aequum

163 3100 166 3107 ·
212 3089 413 3149 curaverunt.
463 3140 466 3145 .

718 3220 824 3280 XXX.

256 3376 331 3440 Iure
359 3379 473 3460 statam
497 3396 579 3460 quae
603 3376 697 3460 volgo
720 3375 811 3440 Eros¹
826 3375 997 3441 Praxitelis
1020 3379 1213 3459 nominatur,
1236 3376 1331 3440 hodie

213 3488 335 3554 Gauius
356 3487 475 3553 Mortis
497 3489 653 3573 appellata
672 3495 728 3554 est.

706 3673 828 3733 XXXI.

256 3827 347 3892 Plato
370 3829 540 3910 civitatem,
563 3848 660 3911 quam
683 3830 718 3892 in
738 3828 829 3894 libris
852 3830 891 3894 de
910 3829 1086 3914 Republica
1103 3830 1208 3914 finxit,
1220 3850 1332 3895 revera

211 3943 348 4006 existere
370 3961 463 4025 posse
486 3941 631 4005 credidit.

676 4191 868 4200 -——-—...—
