3082 5002
813 507 852 569 77

813 788 870 848 IX.

324 969 452 1035 Diodor.
477 971 524 1035 ed.
549 969 694 1034 Dindorf.
718 968 806 1032 XII:
823 970 864 1032 14
888 970 907 1050 ξ
931 971 968 1032 2;
993 965 1046 1031 καί
1071 965 1233 1044 Φιλήμονος
1256 971 1307 1031 τοῦ

280 1081 531 1164 κοιμιρδιογροίΦου
547 1080 713 1164 γράφοντος
724 1081 790 1154 τοὺς
803 1060 947 1154 πολλοίκις
959 1079 1203 1158 ναυτιλλομένους
1214 1078 1266 1144 καί
1278 1079 1406 1152 εἰπόντος

704 1195 782 1276 νόμῳ
804 1193 970 1273 τεθαύμακ’
995 1195 1045 1259 οὐκ
1067 1192 1132 1257 ε’πεὶ

326 1423 528 1508 Isgendum:
553 1423 681 1496 είπόντος
704 1422 796 1503 Νόθῳ·

702 1534 866 1613 τεθαύμακ’
891 1536 942 1599 οὐκ
966 1535 1030 1598 ε’πεῖ
1054 1534 1114 1598 κτὲ.

823 1721 862 1779 X.

326 1903 437 1986 Polyb.
467 1903 655 1967 XXXV:4
679 1904 698 1984 ξ
722 1904 743 1965 4
767 1902 825 1983 (ed.
849 1901 996 1966 Hultsch.
1024 1901 1108 1964 1319
1123 1923 1129 1964 :
1145 1903 1195 1984 5J:
1222 1901 1254 1964 τό
1278 1900 1407 1981 πρότερον

281 2015 444 2095 εἰθισμένων
467 2016 730 2082 πολλαπλασιόνων
753 2014 973 2096 προπορεύεσθαι
996 2018 1053 2079 τῶν
1075 2014 1267 2088 καθηκόντων.
1286 2013 1408 2098 Legen-

281 2131 359 2195 dum
382 2130 624 2196 πολλαπλασίων.

819 2280 875 2341 ΧΙ.

327 2458 388 2524 Dio
420 2458 549 2524 Cassius
571 2457 685 2522 LXII:
702 2460 742 2521 15
767 2459 785 2540 ξ
810 2458 829 2520 6
855 2457 913 2540 (ed.
934 2455 1078 2522 Dindorf.
1106 2457 1176 2522 Vol.
1199 2457 1248 2520 IV
1272 2477 1323 2541 pg.
1349 2458 1401 2538 31)

282 2574 407 2659 legatur
440 2571 560 2651 ὠθισμοί
592 2597 624 2636 τε
653 2578 706 2637 καί
738 2570 857 2650 πληγαί
890 2570 941 2636 καί
964 2572 1075 2653 θόρυβοι
1089 2620 1096 2636 .
1110 2619 1117 2635 .
1131 2618 1163 2635 ..
1189 2570 1302 2652 ίσχυροί
1326 2570 1408 2635 συνί-

284 2686 383 2764 βαινον
406 2707 463 2771 pro
487 2684 605 2766 αἰσχροί
629 2683 808 2763 συνέβαινον.

814 2882 886 2942 XII.

328 3050 443 3115 Ioann.
467 3050 630 3133 Ohrysost.
654 3051 773 3116 Homil.
797 3054 831 3114 in
850 3049 960 3116 Matth.
981 3051 1028 3116 ed.
1041 3050 1298 3116 dsMontfaucon
1312 3047 1399 3112 698⁰

282 3156 335 3227 οἷον
356 3162 394 3227 ίιν
415 3161 484 3237 είτις
507 3162 643 3244 παρθένον
660 3163 711 3228 καί
731 3162 877 3245 θυγατέρα
895 3162 1061 3241 βασιλέως.
1076 3212 1083 3226 .
1098 3211 1127 3227 ..
1151 3162 1260 3227 κελεύοι
1284 3168 1404 3242 μοιχοῖς

282 3275 402 3358 οῖνδροίσι
425 3274 476 3340 καῖ
500 3276 687 3341 διαπτθονσιν
710 3278 805 3351 αὐτῆς
829 3276 923 3351 αὐτην
946 3275 1096 3342 ἐκδιδόναι.

328 3390 517 3457 Rectissime
545 3393 613 3456 eod.
642 3391 772 3457 Traiect.
804 3391 856 3455 Gr.
888 3392 925 3454 6:
958 3390 1143 3471 μονομοίχοις
1167 3391 1324 3471 ἀνθρώποις
1350 3411 1409 3475 pro

284 3510 403 3583 μοιχοῖς
425 3502 545 3585 οίνδροίσι
569 3505 706 3570 exhibet.

805 3691 894 3752 XIII.

329 3871 481 3957 Evangel.
505 3892 565 3937 soe.
588 3871 698 3937 Matth.
722 3873 832 3936 1:18:
858 3871 1083 3949 μνηστενθείσης
1105 3879 1159 3946 τῆς
1183 3873 1292 3954 μητρὸς
1318 3874 1409 3941 αὐτοῦ

286 3985 405 4067 Μαρίας
439 3985 479 4065 τῷ
512 3985 634 4066 Ἰωσήφ,
670 3984 736 4067 πρίν
769 3983 786 4058 ἢ
818 3986 963 4049 συνελθεῖν
997 3985 1104 4059 αὐτοὺς
1129 3985 1221 4068 εὑρέθη
1250 3989 1280 4052 ἕν
1302 3987 1409 4070 γαστρί

285 4095 397 4177 ἔχουσα
432 4099 476 4182 [ἐκ
510 4096 681 4175 πνειίματος
713 4096 820 4182 οῖγίουί.
858 4100 907 4163 19.
942 4097 1054 4180 Ἰωσὴφ
1093 4098 1124 4164 δὲ
1156 4099 1169 4162 ό
1202 4098 1272 4181 οὶνηρ
1303 4101 1407 4175 αὐτῆς,

286 4210 393 4283 δίκαιος
426 4210 463 4275 ιδν
496 4210 548 4275 καὶ
583 4210 626 4290 μη
662 4210 748 4276 θέλων
779 4211 872 4286 αὐτην
903 4212 1105 4291 δειγματίσαι,
1138 4211 1280 4290 ἐβουλήθη
1315 4213 1409 4292 λοίθρα

284 4324 435 4391 οῖπολῦσαι
465 4326 567 4399 αὐτόν.
594 4327 644 4390 20.
666 4329 767 4390 ταῦτα
789 4326 820 4390 δὲ
843 4326 932 4389 αὐτοῖν
954 4323 1167 4404 ἐνθυμηθέντος,
1192 4326 1250 4391 ίδοὺ
1278 4324 1411 4407 οῖχγελος
