3090 5004
688 519 728 580 57

81 694 84 700 ’
147 699 304 782 Polybius
334 720 428 784 saepe
459 703 571 783 utitur,
595 721 720 786 semper
742 704 776 765 in
800 683 918 786 plurali
940 723 1085 786 numero,
1107 705 1127 766 i.
1152 725 1180 787 q.
1203 676 1272 768 σι’νι·

147 811 254 895 diuae,
278 812 328 876 ius
349 833 400 877 res
421 815 580 894 repeteedi
599 816 742 895 pervim,
763 815 1272 901 011276:1(XXX11:17:1)‚
1392 898 1394 902 Ι

148 927 232 989 379:
249 927 266 988 7
292 926 350 1005 (IV
365 949 371 988 :
386 929 427 990 53
442 950 448 989 :
463 928 494 1010 2)
519 925 740 1006 καταγγέλλειν
759 926 840 1009 ῥύσιά
852 952 914 1002 τινι,
928 930 966 994 ef.
978 930 1134 994 formulae
1146 931 1272 995 Atticae

149 1043 236 1102 σῦλσν
267 1036 347 1117 ἔχειν
376 1045 408 1104 et
438 1038 533 1111 σύλας
555 1061 578 1105 s
604 1045 684 1105 σῦλα
707 1039 824 1114 διδόναι,
848 1044 998 1116 σσιεῖσύαι,
1024 1042 1267 1124 κατασκευάζειν.

691 1628 793 1681 Σ,,

13 1826 172 1906 εἰραμα.
204 1824 308 1906 spira.
332 1828 481 1909 Aeschyl.
507 1828 644 1912 Choeph.
669 1831 733 1892 248
757 1832 928 1914 improprie
950 1833 1054 1896 utitur
1076 1832 1115 1896 de
1137 1832 1274 1915 Agame-

151 1959 270 2005 mnone
301 1961 320 2003 a
353 1939 587 2022 clytemnestra
617 1942 783 2006 interfecte
816 1942 967 2024 ,θανόντος
989 1944 1018 2006 ἐν
1041 1950 1200 2007 πλεκταῖσι
1223 1943 1275 2007 καὶ

153 2051 351 2134 σπειράμασιν
383 2054 474 2128 δεινῆς
505 2054 659 2133 ε’χίδννς”.
689 2055 752 2119 Pro
787 2054 972 2137 ,άντιτάλσυ
996 2055 1185 2137 δυσχείρωμα
1207 2056 1275 2137 δρά-

154 2166 273 2238 κσντυς”
298 2166 393 2251 Soph.
417 2168 531 2251 Antig.
552 2169 614 2230 126
639 2170 776 2232 coniecit
799 2189 826 2231 v.
847 2167 953 2233 Herw.
974 2167 1275 2253 Excerptaepoetis

154 2279 283 2344 Graecis
312 2280 370 2343 Ed.
401 2281 508 2362 alteru,
542 2281 627 2344 1886
650 2301 701 2364 pg.
725 2281 766 2343 86
790 2278 954 2344 άντιτάλσυ
976 2304 1009 2344 τε
1031 2279 1182 2361 στείραμα
1207 2279 1275 2361 δρά·

158 2415 264 2464 κσντσς.
288 2391 417 2456 Diodor.
440 2392 510 2456 IH:
527 2393 567 2456 36
591 2395 609 2475 ξ
634 2395 663 2476 5,
686 2393 723 2457 ef.
747 2394 799 2457 hio
820 2394 921 2475 index
945 2414 969 2458 s.
992 2414 1022 2456 v.
1046 2391 1199 2471 κύκλωμα.

154 2504 270 2584 Rupes.
295 2504 433 2584 saxam„
449 2505 596 2571 Occurrit
619 2507 705 2591 apud
727 2511 844 2590 poetas.
868 2507 905 2570 of.
926 2507 1020 2571 Hom.
1042 2530 1064 2584 ν
1083 2509 1157 2589 298,
1177 2509 1277 2590 ε401,

154 2620 228 2702 405,
253 2619 347 2703 Soph.
368 2620 477 2683 Traeh.
503 2619 577 2702 678,
594 2619 652 2703 frg.
664 2619 852 2684 Laocoontis
866 2622 927 2684 341
943 2620 992 2705 (in
1005 2640 1102 2685 versu
1114 2625 1276 2704 corrupte,

154 2733 210 2796 sed
233 2752 347 2797 sanum
372 2738 420 2796 est
441 2731 627 2805 σπιλάδεσσι,
651 2733 689 2796 ef.
711 2754 740 2796 τ.
764 2733 871 2797 Herw.
895 2733 1039 2797 Exercit.
1066 2733 1207 2816 Critioae,
1226 2754 1277 2816 pg.

156 2846 217 2927 13),
247 2844 367 2908 Gallim.
394 2844 514 2932 Hymn.
535 2848 571 2908 in
592 2844 709 2910 Delum
733 2848 807 2929 243,
829 2845 933 2929 Apoll.
956 2845 1056 2910 Rhod.
1078 2845 1132 2908 11:
1147 2846 1210 2908 552
1246 2850 1278 2910 et

155 2957 230 3021 alibi
260 2960 389 3041 passim,
415 2957 571 3042 Lycophr.
597 2960 691 3022 1081.
715 2958 845 3023 Primus
867 2959 1102 3043 Theophrastus
1126 2961 1160 3021 in
1184 2979 1278 3042 prosa

155 3073 258 3136 utitur
280 3073 340 3135 hae
361 3091 438 3136 rose
457 3074 491 3135 in
511 3072 742 3156 significatione
765 3072 921 3157 „glarea’'‚
934 3092 1031 3157 quam
1042 3075 1148 3136 inesse
1161 3073 1275 3136 volunt

156 3204 286 3269 quoque
315 3187 350 3248 in
381 3204 478 3249 versu
508 3184 602 3268 Soph.
633 3186 740 3249 Traeh.
771 3185 909 3268 laudato,
933 3187 989 3268 qui
1012 3189 1119 3248 tamen
1142 3186 1186 3247 ita
1208 3203 1278 3246 cor·

27 3341 31 3344 >
155 3305 270 3383 ruptus
301 3305 358 3381 est,
387 3305 425 3363 ut
454 3300 489 3362 in
511 3300 571 3362 hae
597 3301 785 3385 quaestione
808 3301 877 3363 sine
901 3299 1016 3362 damno
1042 3298 1145 3361 omitti
1167 3299 1277 3380 possit,

156 3413 193 3477 ef.
228 3419 334 3476 annot.
369 3412 508 3476 Nauolrii
539 3415 574 3475 in
604 3413 676 3477 edit.
709 3449 751 3458 -
782 3412 893 3476 Priore
916 3410 1151 3495 significatione
1174 3413 1276 3475 utitur

156 3526 312 3608 Polybius
342 3528 406 3589 44:
421 3527 462 3589 33
495 3524 541 3607 ll:
558 3525 597 3588 37
613 3545 620 3587 :
634 3527 666 3607 2)
694 3524 762 3602 πρὸς
785 3529 854 3594 ταῖς
877 3522 1000 3587 στιλάσι
1024 3521 1076 3586 καὶ
1100 3530 1162 3594 τοῖς
1185 3524 1278 3603 rinpo-

157 3638 258 3719 τκρύσις
288 3637 510 3717 καταγνύμενον.
542 3637 671 3702 Diodor.
702 3637 829 3700 111244
861 3639 880 3718 ἕ
905 3639 934 3700 4.
960 3675 1001 3683 -
1026 3637 1177 3721 Volgaria
1201 3643 1277 3703 sunt

157 3723 301 3832 esame,
326 3752 339 3815 ν’
363 3753 512 3823 σκύτελσς.

162 3865 294 3930 Tectam.
318 3864 448 3929 Demus.
472 3865 559 3928 Mene
582 3865 706 3947 poetica
728 3862 830 3926 forma
853 3867 901 3926 est
924 3861 1039 3940 στέγος,
1064 3864 1120 3927 sed
1140 3865 1157 3936 ἡ
1176 3860 1279 3940 στέγει,

159 3999 355 4063 quamquam
376 3998 457 4059 raro,
482 3979 619 4041 oeuurrit
641 3983 864 4060 praeterquam
888 3978 973 4061 apud
997 3982 1106 4060 poetas
1130 3979 1224 4041 etiam
1245 3979 1280 4040 in

159 4091 373 4175 Xenophonte
404 4090 517 4174 Cyrop.
547 4090 614 4153 VI:
630 4092 668 4153 1:
685 4092 735 4171 14,
758 4090 860 4154 Anah.
884 4090 952 4154 IV:
966 4093 1006 4153 4:
1023 4093 1081 4171 143
1106 4091 1221 4154 deiude
1245 4091 1279 4152 in

160 4204 322 4268 comoedia
345 4204 422 4268 satis
444 4203 596 4286 frequens
616 4208 673 4285 est,
693 4202 730 4266 of.
744 4204 916 4286 Antiphon.
929 4201 1024 4266 Mein.
1037 4201 1087 4264 III
1100 4223 1107 4263 :
1122 4201 1163 4264 26
1185 4207 1217 4265 et
1230 4201 1281 4284 96,

160 4316 274 4401 Eupol.
307 4317 403 4381 Mein.
434 4316 576 4380 11:492.
600 4315 757 4380 Videatur
779 4319 943 4398 praeterea
963 4313 1115 4377 Herodot.
1138 4312 1192 4376 11:
1209 4314 1282 4396 148,
