3082 5002
560 1782 1079 1868 PRAEFATIO.

306 2353 435 2419 Graeois
459 2355 667 2439 scriptoribus
694 2359 851 2440 sequioris
873 2359 993 2438 aetatis,
1014 2357 1101 2439 quod
1119 2357 1213 2419 multi
1226 2359 1288 2420 viri
1300 2358 1384 2421 docti

262 2467 326 2530 iam
357 2467 577 2551 observarunt,
602 2488 695 2553 saepe
721 2470 837 2533 accidit
860 2474 897 2534 ut
920 2467 1075 2533 vocabula
1098 2470 1221 2552 poetica
1244 2469 1294 2533 vel
1318 2469 1384 2532 dia-

262 2580 374 2644 lectica
395 2583 428 2643 in
453 2600 630 2646 sermonem
652 2583 837 2666 reciperent
858 2580 928 2658 Quo
950 2583 1052 2666 magis
1073 2583 1210 2645 aseculo
1224 2583 1384 2647 aureolit-

262 2695 401 2757 terarum
425 2693 620 2758 Graecarum
642 2696 811 2760 recesseris
834 2696 1031 2779 propiusque
1050 2694 1218 2759 adveneris
1238 2696 1279 2758 ad
1290 2715 1385 2780 opera

262 2813 390 2890 patrum
422 2809 581 2890 ecclesiae,
612 2828 649 2873 eo
680 2811 807 2893 saepius
833 2809 891 2873 hos
914 2808 1066 2873 flosculos
1090 2827 1108 2872 e
1129 2813 1296 2892 poetarum
1320 2828 1384 2873 ser-

262 2939 357 2985 mone
388 2920 590 3005 depromptos
612 2923 765 3003 invenies,
788 2922 844 2986 sed
867 2924 932 2985 iam
958 2921 1145 2985 Aristoteles
1168 2922 1228 2984 hac
1251 2940 1386 2985 consue-

263 3034 375 3097 tudine
404 3053 469 3098 non
499 3035 593 3118 plane
624 3034 818 3099 abstinuisse
843 3035 977 3099 videtur.
1003 3033 1089 3110 Quin
1112 3035 1181 3118 ipse
1202 3033 1384 3117 Xenophon

262 3146 314 3209 hic
346 3146 412 3209 illic
446 3146 607 3219 vocabula,
642 3165 725 3229 quae
759 3148 795 3210 in
826 3147 951 3230 reliqua
981 3167 1075 3231 prosa
1106 3147 1214 3210 Attica
1239 3150 1383 3210 autnon

262 3261 465 3343 reperiuntur
488 3265 545 3324 aut
567 3261 740 3324 admodum
763 3280 834 3324 rara
857 3264 943 3342 sunt,
967 3261 1143 3343 usurpavit,
1169 3277 1251 3342 quae
1274 3264 1380 3322 tamen

263 3391 313 3436 res
348 3391 399 3436 me
432 3373 538 3437 iudice
570 3375 605 3436 in
639 3374 699 3437 hoc
732 3375 887 3457 scriptore
915 3374 1010 3456 longe
1040 3374 1148 3436 minus
1172 3390 1190 3435 e
1214 3376 1381 3456 poetarum

263 3488 445 3570 cognitione
474 3507 570 3569 quam
601 3488 751 3551 emultis
774 3489 844 3552 eius
868 3491 899 3551 et
922 3489 1047 3570 magnis
1071 3487 1383 3570 peregrinationibus

263 3599 451 3682 explicanda
481 3605 537 3681 est,
561 3601 679 3683 quippe
702 3617 795 3682 saepe
818 3597 854 3662 fit
878 3604 914 3662 ut
936 3601 974 3681 ia,
998 3601 1055 3682 qui
1077 3600 1161 3663 inter
1184 3600 1262 3664 aiios
1285 3619 1386 3683 popu·

263 3712 311 3777 los
342 3714 476 3796 longum
506 3717 632 3796 tempus
655 3713 781 3794 vixerit,
804 3713 944 3795 patrium
968 3731 1148 3777 sermonem
1173 3713 1304 3778 vocibus
1329 3715 1386 3777 mi-

264 3830 349 3891 sceat
372 3827 492 3907 alienis,
517 3845 653 3908 quarum
671 3825 921 3889 familiaritatem
941 3826 1095 3890 diuturno
1108 3830 1387 3891 usuoontraxerit.

264 3937 423 4014 Quoniam
453 3942 559 4002 autem
592 3957 705 4022 operae
729 3940 865 4022 pretium
890 3940 969 4002 mihi
991 3942 1098 4004 visum
1122 3945 1172 4004 est
1195 3943 1386 4024 perquirere,

264 4070 420 4134 quaenam
456 4050 612 4115 vocabula
647 4051 808 4116 Graecitas
843 4054 1000 4116 seriorum
1031 4054 1223 4137 scriptorum
1256 4055 1325 4117 sive
1348 4053 1387 4117 ab

264 4167 406 4248 antiquis
439 4166 539 4248 poetis
575 4167 643 4229 sive
674 4165 713 4229 ab
743 4167 851 4248 aliqua
885 4165 1018 4231 dialecto
1043 4170 1209 4230 mutuatus
1233 4168 1284 4247 sit
1306 4165 1388 4229 hanc

263 4279 482 4361 quaestionem
513 4297 600 4342 nuno
628 4279 786 4360 incohavi,
814 4278 920 4342 indice
951 4279 1068 4342 horum
1091 4278 1262 4343 verborum
1286 4298 1304 4344 e
1327 4279 1389 4343 Po-
