3082 5002
845 470 887 531 42

304 656 431 740 Hippol.
457 656 529 737 199,
552 655 665 719 Baoch.
692 656 764 718 339.
787 653 865 718 Post
885 674 939 718 eos
959 652 1114 734 Polybius
1129 658 1160 716 et
1171 650 1333 715 Diodorus
1345 652 1429 714 huno

303 788 415 832 vocem
449 772 653 852 usurparunt,
687 768 724 832 of.
759 768 871 849 Polyb.
904 768 1044 831 328217
1079 767 1212 848 (IV:8:
1228 768 1258 847 9)
1289 774 1320 831 et
1343 766 1429 847 alibi,

304 879 432 944 Diodor.
459 880 617 962 111:3o§
644 883 663 944 3
687 878 856 960 ἐλεφάντων
879 879 1012 957 κυνηγίοι,
1036 879 1102 943 IV:
1118 881 1160 943 34
1184 880 1203 961 ᾖ
1229 881 1258 961 3,
1284 879 1324 941 81
1353 879 1372 959 ᾗ
1397 879 1429 960 4,

304 992 430 1055 111215
455 994 474 1074 ἓ
499 994 527 1074 5,
550 993 600 1056 V:
616 994 657 1057 39
681 993 700 1074 ᾗ
726 994 754 1056 3.
778 992 823 1056 Tb
846 990 1020 1069 κυνηγέσιον,
1045 993 1061 1064 ιδ
1086 989 1156 1071 bipes
1179 994 1214 1054 iu
1234 992 1342 1055 Attico
1363 1009 1430 1054 ser·

305 1125 399 1170 mone
428 1106 613 1189 frequenter
634 1111 815 1170 occurrunt.

110 1217 355 1292 κοτννυτέω.
379 1218 512 1300 Εονοὶρο.
536 1219 622 1282 Ante
644 1217 817 1300 Polybium
842 1219 883 1280 25
898 1240 904 1280 :
921 1219 962 1280 14
985 1218 1086 1297 (1:21
1103 1218 1155 1297 ³1)
1176 1217 1237 1280 buo
1257 1235 1429 1280 voceusus

306 1337 354 1397 est
376 1332 464 1396 solus
486 1331 656 1415 Euripides
678 1332 762 1413 Oyol.
784 1331 858 1413 461,
879 1350 976 1395 sensu
996 1331 1211 1414 metaphorice
1224 1352 1230 1392 :
1244 1329 1430 1406 Νοοοτνρίοιν
1519 1349 1522 1353 ·

305 1444 332 1508 δ’
355 1442 420 1515 dael
435 1467 480 1516 τις
500 1443 632 1524 οὶρμάζων
643 1444 713 1525 ἀνὴρ
725 1443 753 1529 j]
766 1444 879 1507 διτλοῖν
891 1448 1024 1522 χωλινοῖυ
1036 1441 1179 1523 τρύπανον
1191 1447 1373 1515 κωτνλοοτεῖ.
1385 1476 1429 1488 -

305 1557 443 1642 Volgore
466 1562 513 1622 est
538 1555 650 1636 ἐρέττω,

848 2167 885 2222 Λ.

112 2368 229 2440 δοιός.
305 2367 447 2434 Sinister.
477 2368 642 2433 Poetioum
672 2374 720 2433 est
741 2389 798 2452 pro
822 2367 965 2448 οξριοτερόο
989 2370 1057 2432 sive
1079 2367 1233 2444 εὐώνυμος,
1258 2367 1430 2431 videantur

306 2484 426 2565 tragici,
455 2501 472 2546 e
499 2483 618 2565 quibus
643 2482 781 2546 sufficiat
803 2481 913 2545 afferre
936 2481 1134 2562 Aeschylum
1156 2480 1261 2544 Prom.
1287 2481 1359 2543 714.
1385 2517 1427 2526 -

305 2595 408 2659 Elium
431 2596 597 2660 invenitur
618 2598 653 2658 in
676 2597 811 2679 seriptis,
832 2615 914 2678 quae
933 2596 1063 2658 nomine
1075 2593 1279 2678 Hippocratis
1291 2595 1428 2658 oiroum·

305 2707 460 2790 feruntur,
483 2707 520 2770 oi.
545 2707 583 2772 de
607 2708 706 2771 morb.
729 2709 805 2771 mul.
825 2707 883 2770 Ed.
903 2706 1067 2770 Ermerins
1086 2706 1120 2769 Π
1139 2727 1189 2790 pg.
1204 2707 1267 2770 696
1281 2727 1326 2771 vs.
1342 2707 1370 2769 6.
1385 2745 1427 2752 —
1511 2730 1524 2751 ·

305 2820 463 2902 Polybius
497 2820 556 2883 hae
590 2840 668 2884 voce
701 2822 798 2885 semel
829 2840 908 2885 usus
941 2825 988 2884 est
1010 2820 1108 2903 idque
1130 2821 1164 2884 in
1188 2819 1365 2903 proverbio,
1389 2819 1427 2883 of.

309 2933 392 2995 1347
407 2954 413 2994 :
428 2935 470 2994 24
505 2932 718 3013 (XXXVIII:
734 2935 752 2995 2
767 2954 773 2995 :
789 2934 818 3015 9)
852 2930 982 3012 κοιθοέτερ
1017 2932 1046 2994 ἐν
1081 2931 1222 3014 τοιροιμίρι
1255 2930 1357 3012 φοιτίν,
1394 2932 1426 2995 οὐ

306 3041 391 3121 μόνον
424 3043 465 3107 τοὶ
499 3041 635 3121 διδόμενοι
669 3052 706 3124 τῇ
740 3040 821 3125 δεξιᾷ
851 3044 934 3124 rapu
965 3042 1114 3121 Ῥωμαίων
1137 3042 1272 3122 ἐδέχοντο
1294 3051 1331 3122 τῇ
1354 3046 1427 3124 λοιιρῖ

305 3156 381 3237 χειρί
404 3157 463 3221 κτὲ.
489 3196 531 3205 -
555 3156 684 3222 Diodor.
708 3157 869 3221 XIII:45
893 3159 912 3239 ᾗ
937 3159 964 3240 7,
991 3159 1032 3220 99
1056 3159 1074 3238 ξ
1100 3156 1328 3240 6,XV11:59
1352 3157 1371 3238 ᾗ
1397 3158 1426 3219 2.

305 3270 448 3334 Lacinio.
472 3271 511 3334 In
533 3290 628 3354 prosa
650 3271 710 3334 hoo
734 3270 868 3334 verbum
889 3289 954 3332 non
972 3271 1136 3334 invenitur
1156 3275 1229 3335 ante
1241 3269 1426 3334 Diodorum.

308 3383 512 3467 Usurparunt
540 3384 720 3464 Aeschylus
748 3382 885 3467 Oboeph.
909 3384 951 3446 28
974 3382 1061 3446 Pers.
1087 3384 1151 3446 835
1176 3388 1206 3447 et
1230 3384 1314 3465 alibi,
1337 3384 1428 3448 Aris·
1466 3430 1468 3434 -

306 3496 390 3579 toph.
420 3497 499 3559 th.
523 3498 588 3559 423
612 3496 708 3560 verba
730 3496 910 3580 Euripidis:
935 3494 1021 3567 ποίοις
1044 3496 1108 3559 τιν’
1132 3495 1202 3575 οὶνὶιρ
1226 3494 1356 3568 λοοκίδοος
1380 3498 1427 3558 ai-

307 3613 399 3670 τεῑτοοι
422 3606 558 3682 uirium
582 3607 710 3673 Diodor.
734 3609 836 3672 XIV:
852 3610 892 3671 72
914 3610 932 3691 5
953 3609 971 3670 6
992 3611 1027 3672 in
1040 3609 1207 3692 naufragio
1220 3609 1427 3673 describendo

306 3722 410 3785 utitur
441 3721 479 3786 de
509 3722 652 3804 partibus
684 3725 825 3806 navium,
855 3729 887 3788 et
918 3723 1022 3786 XIII:
1038 3724 1079 3785 99
1110 3724 1128 3804 ξ
1156 3724 1248 3787 4est
1273 3726 1429 3806 „ruptura

306 3834 428 3898 navis”.
452 3834 611 3900 Usitatius
634 3842 682 3900 est
704 3836 737 3900 τὸ
759 3835 852 3917 ρὀἐκος.

112 3941 333 4022 λοὶκτιομοι.
369 3947 574 4012 Ρνοοωῐοωοίο.
609 3949 778 4013 Invenitur
811 3955 936 4013 tantum
967 3950 1052 4032 apud
1082 3949 1282 4029 Aeschylum
1313 3948 1429 4032 Agam.

310 4060 392 4123 1601
425 4063 607 4144 (improprie
630 4061 670 4125 de
692 4064 791 4126 otrooi
813 4081 929 4125 ooenae
951 4063 1078 4144 iniuria,
1102 4082 1198 4145 quam
1222 4081 1337 4145 passus
1358 4051 1431 4126 erat

307 4174 460 4256 Thyestes
491 4172 648 4250 λοέιιτιομοι
671 4174 783 4237 δείτνου
806 4171 942 4248 ξυνδίκως
965 4172 1052 4245 τιθεὶς
1077 4174 1164 4259 οἰρρῖ.)
1192 4179 1223 4238 et
1245 4173 1431 4256 Lycophro-

307 4306 380 4350 nem
412 4286 504 4352 Alex.
529 4288 602 4351 835.
624 4285 747 4352 Deinde
769 4285 928 4351 Diodorus
952 4286 1019 4350 IV:
1035 4287 1076 4349 59
1102 4288 1120 4370 ξ
1144 4289 1164 4349 4
1187 4285 1373 4363 iambum
1398 4286 1432 4352 δὲ
