3082 5002
109 663 237 743 μηνίυ.

846 475 888 538 46

307 658 482 726 Succensco.
506 661 612 726 Attico
633 659 803 740 ὀργίζεσθαι,
817 661 846 724 ἒν
858 662 925 742 ὀργῇ
941 663 991 726 vel
1003 660 1039 724 δι’
1052 663 1138 741 ὀργῆς
1150 659 1238 740 ἔχειν.
1255 660 1427 744 Nusquam

302 776 336 836 in
359 775 465 838 Attico
489 794 635 839 sermone
653 775 793 858 pedestri
816 777 989 857 invenitur,
1010 776 1066 839 sed
1078 777 1197 858 passim
1211 775 1296 858 apud
1308 779 1428 857 poetaS,

304 887 342 950 cf.
372 906 396 950 e.
421 907 446 950 c.
476 887 570 950 Hom.
604 895 629 949 E
656 889 728 970 178,
752 888 866 951 Aesch.
889 887 1024 951 Idumen.
1049 888 1110 951 101
1137 889 1310 970 (medium),
1333 886 1427 970 Soph.

305 997 380 1062 Oed.
416 999 479 1063 Col.
517 1001 611 1062 1274.
645 1038 685 1046 -
717 999 817 1063 Porro
841 1000 992 1064 Herodot.
1017 999 1066 1062 V:
1083 1002 1126 1062 84
1149 997 1327 1078 πέμψαντες
1350 998 1381 1061 δὲ
1406 997 1430 1060 oi

304 1111 452 1184 Ἀθηναῖοι
492 1111 606 1189 ε’μιίνιον
648 1118 723 1177 τοῖσι
765 1111 972 1192 Ἐπιδαυρίοισι
1016 1112 1223 1196 (exprobare),
1256 1111 1340 1175 VH:
1355 1112 1430 1194 229,

304 1224 802 1290 IX27.-Diodor.XV:49
827 1228 846 1308 ἓ
872 1227 1047 1290 3.IV:81
1074 1228 1093 1308 ᾗ
1119 1229 1147 1289 5.

111 1335 380 1418 μητροπάτωρ.
412 1341 513 1403 Attici
544 1340 592 1416 (cf.
624 1340 714 1404 Plato
745 1339 1050 1424 Legg.1X:asoD)
1077 1340 1189 1404 dicunt
1211 1337 1336 1410 ποίππος
1360 1337 1429 1414 πρὸς

112 1677 237 1756 μίτος.

306 1450 424 1530 μητρός,
448 1454 504 1516 sed
533 1451 627 1516 Hom.
651 1461 679 1514 A
705 1454 779 1535 224,
802 1451 920 1517 Herod.
944 1450 1080 1534 HI:51‚
1103 1451 1170 1514 Vl:
1187 1453 1259 1536 131,
1282 1451 1429 1535 Apollod.

305 1563 514 1647 11:4:6:1‚
537 1571 567 1630 et
590 1565 719 1630 Diodor.
743 1566 810 1629 IV:
826 1567 867 1628 59
892 1567 911 1647 ἓ
938 1566 954 1627 l
982 1569 1139 1649 usurpant
1161 1562 1364 1643 μητροποίτιορ.

307 1677 454 1743 Occurrit
483 1679 579 1743 Hom.
612 1687 641 1741 Ψ
674 1680 747 1763 762,
771 1681 811 1743 ad
835 1699 931 1763 quem
956 1679 1063 1742 locum
1088 1677 1126 1741 af.
1150 1677 1241 1741 aust
1267 1675 1429 1739 1571ι62

303 1789 388 1868 μίσος
422 1791 463 1864 δὲ,
499 1792 535 1856 δι’
570 1786 602 1856 οὗ
633 1792 699 1864 τοὺς
732 1792 883 1869 στήμονος
917 1789 1146 1856 ἕναλλοίσσονσιν
1176 1790 1215 1862 είς
1240 1787 1351 1862 πλίκην
1375 1794 1429 1860 τῆς

305 1905 414 1978 κρόκης.
447 1904 471 1968 οἱ
500 1903 531 1969 δέ
562 1910 656 1984 Φασιν
684 1903 727 1969 ὃτι
750 1912 847 1984 καίρος
868 1905 959 1976 αὐτὸς
982 1902 995 1967 ί
1019 1904 1104 1982 μίσος
1127 1903 1213 1967 ἐστίν.
1240 1942 1281 1950 -
1306 1903 1430 1966 Versus

306 2023 370 2082 est:
414 2017 511 2090 πηνίον
545 2015 707 2092 ἐξέλκουσα
741 2017 834 2097 παρὲκ
871 2016 965 2095 μίτον,
1003 2018 1114 2100 „filum
1148 2017 1340 2082 subteminis
1373 2035 1432 2099 per

307 2136 431 2196 stamen
463 2132 673 2213 extrahens”;
707 2133 762 2196 sed
795 2133 833 2197 de
865 2132 1096 2216 significatione
1119 2137 1149 2196 et
1171 2137 1257 2196 recta
1279 2132 1433 2214 interpre-

306 2246 424 2310 tatione
447 2246 544 2310 huius
567 2266 681 2310 versus
706 2247 740 2309 in
764 2247 890 2310 diversa
913 2245 1033 2309 abeunt
1051 2247 1253 2328 intrepretes.¹
1268 2242 1433 2307 Duentzer

308 2357 401 2437 παρὲκ
434 2357 532 2430 πηνίον
566 2364 598 2423 et
629 2355 789 2431 ἐξέλκουσα
822 2357 906 2435 μίτον
941 2361 1150 2442 coniungens,
1174 2355 1271 2429 πηνίον
1302 2361 1433 2433 stamen,

308 2471 392 2549 μίτος
414 2471 504 2552 βίαια
525 2472 708 2536 subteminis
730 2473 895 2556 intellegit.
917 2471 1083 2555 Quidquid
1103 2477 1159 2554 est,
1172 2476 1220 2535 est
1238 2468 1433 2533 vocabulum

307 2586 518 2668 rarissimum,
541 2606 616 2649 nam
647 2591 721 2650 ante
744 2585 915 2667 Polybium
939 2585 1044 2650 tribus
1065 2587 1144 2649 locis
1167 2585 1340 2666 invenitur,
1362 2583 1433 2647 lece

309 2698 443 2763 Homeri
465 2700 602 2776 laudate,
623 2702 657 2763 in
681 2698 791 2782 Eurip.
814 2700 873 2782 lrg.
898 2700 961 2762 370
977 2722 983 2761 :
1000 2701 1028 2781 l,
1051 2701 1085 2762 in
1108 2698 1264 2782 Lycophr.
1291 2699 1355 2761 584
1379 2693 1434 2759 καὶ

310 2815 411 2875 ταῦτα
453 2811 508 2888 μὲν
550 2811 657 2888 μίτοισι
696 2810 834 2889 χαλκίων
870 2811 966 2874 ποίλοιι
1000 2812 1030 2896 ,ff
1062 2809 1216 2891 στρίμβιον
1251 2807 1435 2890 ἐπιρροιζοῦσι

310 2921 430 3003 γηραιαὶ
460 2922 548 3004 κόραι,
581 2944 645 3007 quo
668 2925 738 2988 loeo
764 2925 910 2988 videatur
933 2925 1152 3008 paraphrasis:
1177 2922 1230 2987 καί
1253 2925 1352 2986 ταῦτα
1376 2921 1432 2999 μὲν

310 3036 405 3113 μίτοις
428 3034 515 3114 ἤγουν
540 3036 650 3116 μοίραις
673 3040 729 3098 τῶν
754 3035 850 3101 ποίλαι
869 3034 1009 3115 χαλκέων
1028 3040 1084 3100 τῶν
1095 3036 1247 3117 οίτροίκτυν
1258 3034 1435 3107 ἐπινίίουσιν

309 3149 341 3213 αἱ
374 3156 486 3230 Μοῖραι.
521 3150 678 3232 Polybius
711 3150 852 3213 218210
884 3150 966 3230 (1112
982 3152 1044 3213 32:
1059 3153 1090 3232 2)
1119 3149 1275 3227 drepanium
1298 3146 1433 3225 βίβλους

311 3266 437 3346 (melius
460 3263 595 3341 βίβλους,
620 3265 707 3349 quod
730 3263 883 3328 exhibent
907 3283 998 3344 mss.;
1023 3265 1118 3328 etiam
1142 3266 1171 3328 si
1194 3283 1259 3327 non
1278 3261 1435 3326 haberent

312 3379 401 3442 codd.
433 3384 539 3442 tamen
568 3383 651 3443 esset
675 3377 880 3442 scribendum
904 3397 961 3460 per
982 3399 1000 3449 ι,
1025 3377 1062 3440 cf.
1086 3376 1297 3462 Meisterhans
1322 3373 1436 3437 Gram-

311 3497 384 3555 mat.
416 3492 472 3555 der
502 3491 626 3556 Griech.
648 3492 770 3555 Inschr.
797 3491 881 3553 1885
905 3511 956 3574 pg.
982 3491 1034 3572 12)
1059 3487 1278 3569 τετταροίκοντα
1302 3487 1437 3551 καθαπε-

311 3601 389 3682 ρανεί
420 3601 500 3666 κατοὶ
530 3603 614 3680 μίτον
640 3600 865 3684 ἐξυφασμίνοις,
888 3605 908 3666 i.
933 3623 958 3668 e.
981 3603 1081 3667 libros
1102 3603 1157 3667 filo
1181 3603 1345 3683 continue,
1366 3601 1436 3665 sive

315 3722 467 3801 perpetua
488 3735 596 3780 rerum
619 3719 700 3781 serie
723 3721 899 3798 contextos.
925 3716 1007 3780 Cum
1029 3717 1089 3780 hoc
1113 3716 1183 3779 loce
1206 3713 1335 3796 Polybii
1359 3732 1437 3776 con-

315 3832 436 3896 feratur
466 3831 575 3896 Cicero
604 3831 704 3916 Epist.
726 3833 766 3895 ad
789 3833 934 3896 Atticum
956 3830 1058 3894 XIV:
1074 3831 1115 3893 16
1142 3831 1161 3908 ‚Q
1187 3832 1206 3893 3
1232 3829 1290 3908 (ed.
1314 3826 1437 3908 arella)

320 3946 461 4027 „Herodi
491 3951 598 4010 autem
628 3945 822 4027 mandaram,
846 3951 882 4009 ut
911 3947 990 4009 mihi
1012 3945 1094 4008 κατοὶ
1118 3943 1201 4021 μίτον
1225 3942 1394 4021 scriberet,
1419 3961 1439 4004 a

318 4080 382 4144 quo
404 4061 509 4124 adhue
532 4060 622 4123 nulla
644 4059 750 4122 littera
772 4057 849 4122 est.'’
876 4095 917 4104 -—
940 4059 1039 4122 Extat
1063 4058 1254 4123 adiectivum
1276 4056 1360 4140 apud
1380 4053 1438 4119 So-

317 4175 462 4258 phoclem
484 4175 592 4256 Antig.
619 4175 702 4235 1222
728 4170 827 4252 βρόχῳ
851 4172 979 4250 μιτώδει,
1003 4173 1107 4237 textili
1126 4173 1249 4255 laqueo
1269 4170 1439 4253 Vulgatius

319 4294 368 4352 ast
390 4287 474 4351 λίνον.
