3082 5002
809 489 850 552 35

263 675 289 730 Ε
323 669 394 732 724.
426 669 523 753 Apud
549 669 751 735 Herodotum
775 672 860 735 VH:
874 675 915 737 89
939 674 1074 746 οὲοπίδας
1098 672 1159 748 ἴτυς
1182 678 1234 741 οὐκ
1255 675 1385 757 ἔχουοας

264 783 351 844 etin
374 781 439 846 fine
462 784 574 866 capitis
598 782 735 855 οέοοιίδας
758 784 858 856 κοίλας
881 784 937 857 τοὶς
961 782 1022 858 ἴτυς
1042 788 1184 865 μεγάλας
1196 788 1335 874 ἐχούσας,
1349 791 1387 854 ef.

261 893 417 978 [Hesiodl
448 895 535 959 Scut.
567 896 639 959 314.
668 935 709 942 -
733 897 845 979 Polyb.
871 900 992 962 27:24
1016 901 1218 985 (1:22:10),
1243 904 1386 967 562ῑ21

265 1007 400 1090 (V1:23
415 1030 422 1070 :
436 1010 476 1090 4).

809 1606 843 1662 Κ.

121 1781 305 1865 θαρρόζυ.
329 1783 463 1864 Adepto
487 1785 622 1848 Tantum
649 1785 735 1868 apud
757 1784 944 1869 Euripidem
967 1787 1097 1850 invenio
1119 1793 1193 1853 ante
1213 1788 1385 1870 Polybium

261 1896 297 1960 ef.
321 1895 430 1981 Eurip.
459 1897 588 1981 Hippoi.
615 1899 688 1980 771,
710 1897 826 1961 Bacch.
851 1899 924 1979 929,
947 1898 1044 1963 Eleot.
1072 1900 1166 1982 1228,
1188 1899 1282 1964 Rhes.
1310 1901 1384 1982 210,

262 2010 334 2073 767.
358 2049 400 2058 -
423 2011 535 2092 Polyb.
562 2012 624 2075 391
640 2013 703 2074 :22
730 2011 790 2092 (IV
804 2038 810 2074 :
826 2013 866 2074 65
882 2037 888 2075 :
902 2014 933 2094 4)
954 2018 1043 2077 extat
1060 2015 1131 2078 loeo
1154 2017 1268 2078 vitioso
1288 2013 1345 2086 τὰς
1357 2014 1384 2078 δ’

259 2120 381 2195 οἰκήσεις
405 2122 530 2187 διαλύων
552 2122 592 2187 τοὶ
614 2119 693 2197 ξύλα
716 2122 766 2187 καὶ
789 2124 837 2188 τὸν
860 2123 984 2204 κέραμον
1007 2125 1046 2197 εἰς
1071 2125 1196 2204 σχεδίας
1220 2126 1385 2208 καθήραοζε

259 2235 299 2314 τῷ
322 2235 451 2313 ποταμῷ
475 2235 555 2313 μετα
578 2242 691 2310 πολλοῖς
714 2237 888 2318 Φιλοτιμίας
911 2237 950 2309 εἰς
973 2237 1039 2310 τοὺς
1064 2237 1215 2312 Οἰνιάδας,
1236 2241 1294 2304 ubi
1312 2246 1384 2325 post

259 2347 424 2429 καθήρμοζε
457 2351 615 2415 excidisse
649 2348 700 2414 καὶ
732 2357 847 2429 κατῆγε
879 2353 1016 2415 oonieoit
1047 2351 1318 2437 Schweightuser.
1341 2393 1383 2400 —

260 2459 400 2526 Omnino
432 2468 539 2527 autem
570 2463 691 2528 formae
713 2463 848 2544 αραοζειν
873 2470 904 2528 et
925 2461 1052 2543 σφάζειν
1076 2466 1161 2548 apud
1186 2468 1383 2550 antiquiores

258 2581 335 2639 sunt
359 2575 462 2639 Ionioi
485 2582 516 2641 et
538 2579 655 2661 poetioi
680 2598 777 2657 usus3
797 2578 959 2661 pedestres
980 2597 1136 2661 usurpare
1156 2577 1381 2658 solentoippo'r-

256 2712 315 2752 οειν
338 2695 369 2754 et
392 2687 549 2770 σφάττειν.

118 2801 304 2878 lumper.
342 2800 546 2886 Quamquam
579 2803 771 2880 καθηγεῖσθαι
808 2805 885 2868 satis
917 2808 1031 2867 notum
1062 2809 1118 2885 est,
1142 2804 1382 2870 substantivum

259 2921 333 2980 ante
355 2916 528 2998 Polybium
551 2923 677 2982 tantum
702 2920 868 2982 invenitur
891 2919 976 3003 apud
999 2918 1210 3002 Herodotum,
1235 2919 1272 2984 of.
1298 2921 1383 2984 VII:

261 3030 432 3113 128,197,
458 3031 1142 3117 71:135,Polyb.passime.g.229:9
1168 3034 1384 3116 (11124129),

258 3143 322 3207 367
337 3168 343 3208 :
359 3144 398 3206 17
425 3144 485 3227 (IV
498 3169 505 3207 ι
519 3146 562 3209 40
577 3170 584 3207 2
599 3147 640 3227 8).
1228 3197 1230 3200 >

118 3257 275 3337 ιθυδρος.
298 3255 457 3338 Αραοοοοε.
481 3257 575 3342 Soph.
601 3256 676 3323 Oed.
702 3257 766 3322 001.
790 3259 864 3321 158.
884 3258 988 3322 Nemo
1010 3259 1093 3322 alius
1114 3257 1387 3341 ontePolybium‚·

256 3369 294 3432 of.
328 3372 393 3434 443
408 3394 414 3433 :
430 3373 472 3434 29
503 3371 546 3452 (V
560 3394 566 3433 :
581 3374 624 3435 24
638 3397 644 3435 :
658 3374 690 3453 4)
721 3370 824 3451 χωρίον
853 3369 998 3451 καθυδρον,
1025 3370 1081 3435 ubi
1104 3376 1210 3435 tamen
1234 3377 1320 3436 recto
1344 3374 1378 3435 in

256 3485 393 3549 editione
427 3484 590 3549 Hultsohii
620 3481 760 3564 καθυνρον
791 3489 955 3568 receptum
984 3488 1033 3548 est
1056 3503 1098 3548 ex
1123 3484 1159 3565 A,
1182 3484 1378 3548 vocabulum

254 3597 468 3682 Theophrasto
503 3604 534 3663 et
568 3597 708 3663 Diodoro
740 3599 878 3682 volgare,
909 3597 948 3660 of.
979 3597 1133 3681 Theophr.
1159 3596 1200 3661 H.
1224 3597 1271 3662 Pl.
1296 3597 1379 3661 124.

255 3708 348 3774 Diod.
376 3711 483 3775 V228
516 3713 534 3794 ξ
561 3713 587 3775 l.
612 3750 654 3758 —-
678 3712 768 3776 Plato
793 3712 873 3774 dicit
898 3707 1019 3790 εὔυδρος,
1044 3711 1081 3774 of.
1104 3709 1178 3794 Leg.
1202 3711 1270 3774 VI:
1286 3709 1382 3795 7618,

255 3823 292 3886 of.
315 3843 409 3907 porro
432 3823 585 3903 εὀιίρρυτος,
610 3823 795 3904 κατάρρυτος,
819 3819 948 3903 ἔφυδρος.

128 3945 305 4002 νοοιοιεῑν.
336 3937 400 4002 Res
428 3958 526 4003 novas
549 3939 663 4003 molior.
686 3938 820 4003 Remove.
846 3938 984 4002 Tantum
1008 3938 1127 4022 legitur
1151 3936 1236 4020 apud
1259 3935 1379 4020 Sopho·

254 4051 335 4116 olem
368 4051 477 4115 Truoh.
511 4053 574 4116 873
605 4049 636 4114 τί
664 4051 701 4122 δ’,
725 4044 746 4113 ὦ
769 4049 881 4131 γεραιοὶ,
906 4049 1097 4123 καινοποιυθὲν
1121 4047 1235 4126 tipum
1260 4048 1378 4112 Postea

255 4184 334 4228 usus
368 4169 417 4230 est
446 4163 602 4245 Polybius
635 4169 666 4229 et
696 4166 882 4248 saepissime
906 4164 1045 4247 quidem,
1069 4162 1108 4226 of.
1131 4181 1156 4226 e.
1179 4181 1209 4244 g.
1235 4161 1297 4222 263
1314 4184 1321 4221 ι
1336 4163 1374 4222 21

254 4276 340 4354 llll:
357 4279 394 4342 70
409 4302 416 4340 ι
434 4279 497 4361 11),
534 4280 627 4340 5:21
666 4279 748 4361 (124
764 4302 770 4340 ι
786 4280 815 4358 5)
851 4275 951 4340 πολλοὶ
982 4274 1039 4355 γὰρ
1070 4270 1145 4346 αὕτη
1177 4277 1378 4337 καινοποιοῦοα
