3082 5002
284 755 432 813 Lubenter
470 755 545 813 banc
582 756 829 831 opportunitatem
859 755 980 831 arripi0,
1013 755 1097 813 Viri
1128 746 1368 831 Clarissimi,

245 866 387 937 quotquot
412 861 443 918 in
470 860 608 919 facultate
636 860 838 937 philosophiae
858 861 1033 920 theoreticae
1053 868 1083 920 01
1103 862 1265 921 litterarum
1286 864 1368 921 Pro-

245 965 415 1024 fessores
442 965 528 1040 estis,
558 965 655 1042 palam
683 964 773 1023 Vobis
798 965 906 1040 gratias
933 966 1040 1041 agendi
1066 982 1118 1042 pro
1147 967 1251 1026 collata
1271 967 1300 1026 in
1322 986 1369 1026 me

246 1070 455 1128 benevolentia.
483 1069 549 1128 Non
577 1069 672 1128 solum
692 1070 754 1144 Illi,
776 1088 900 1147 quorum
921 1071 1084 1147 discipulus
1105 1089 1186 1146 sum,
1209 1072 1368 1130 sedetiam

244 1174 320 1249 Vos,
349 1193 473 1252 quorum
502 1175 610 1233 scholis
637 1193 695 1233 non
723 1175 850 1243 interfui,
872 1174 945 1232 mihi
965 1174 996 1232 in
1017 1175 1106 1233 variis
1127 1176 1214 1234 rebus
1234 1176 1368 1249 affuistis,

245 1296 318 1354 quas
340 1296 511 1338 enumerare
530 1280 619 1337 huius
639 1279 696 1338 1001
713 1297 772 1337 uon
789 1284 841 1337 est.

284 1381 372 1441 Grato
393 1383 505 1457 anima,
527 1383 582 1440 Vir
600 1383 675 1442 Clar.
698 1381 862 1457 Ornoouua,
881 1401 1057 1461 quamquam
1074 1384 1289 1460 philosophiam
1306 1390 1369 1443 tan·

244 1487 395 1545 tummodo
425 1487 601 1563 primoribus
629 1487 718 1546 labris
745 1486 843 1562 attigi,
873 1488 959 1546 horas
986 1488 1135 1562 recordor,
1156 1506 1209 1565 per
1235 1506 1308 1565 quas
1328 1488 1369 1547 Tc

244 1592 345 1650 audire
362 1591 435 1649 mihi
452 1591 543 1650 licuit.
563 1591 761 1650 iustitutionis
779 1590 872 1666 Tuae,
891 1611 948 1669 qua
958 1593 1054 1668 pulcri
1064 1594 1238 1671 venustique
1248 1612 1369 1652 sensum

244 1697 275 1754 in
301 1698 468 1757 auditorum
495 1699 601 1757 animis
630 1699 758 1757 excitare
784 1704 813 1757 81
832 1699 910 1758 01818
931 1700 1004 1774 8018,
1025 1717 1186 1777 numquam
1206 1679 1368 1759 obliviscar.
1394 1688 1395 1691 ¹

285 1802 435 1879 Imprimis
465 1803 574 1878 Vobis,
606 1803 670 1861 Viri
708 1803 799 1877 Clau,
831 1804 990 1862 Faarcnnu
1020 1809 1050 1863 01
1080 1804 1212 1879 Wruur,
1242 1805 1369 1863 multum

206 1988 208 1993 Α
245 1907 343 1967 (101180.
383 1907 581 1985 Quamquam,
613 1914 728 1984 praeter
758 1908 888 1983 scholas,
920 1927 992 1986 quas
1024 1909 1232 1986 frequentavi„
1251 1910 1368 1985 saepius

244 2014 350 2073 accidit
380 2021 414 2073 01
443 2015 558 2074 Vestris
590 2014 721 2073 consiliis
751 2015 824 2072 mihi
854 2033 928 2091 opus
959 2021 1051 2089 88881,
1078 2032 1240 2091 numquam
1270 2019 1368 2072 tamen

244 2118 352 2177 frustm
378 2119 522 2178 auxilium
549 2119 689 2178 Vestrum
711 2119 878 2195 imploravi,
900 2137 1017 2196 semper
1036 2121 1136 2179 statim
1155 2120 1250 2196 parati
1271 2119 1368 2178 fuistis

221 2223 293 2279 ,vel
322 2223 353 2281 in
384 2223 514 2282 minimis
544 2224 670 2299 negotiis
702 2242 749 2282 mo
780 2224 925 2282 adiuvare.
956 2224 1047 2283 Vobis
1077 2225 1167 2299 igitur
1197 2243 1244 2282 me
1273 2229 1367 2282 totum

246 2326 419 2384 obstrictum
439 2345 502 2386 esse
523 2330 631 2404 senti03
654 2329 755 2388 eadem
774 2347 837 2403 me,
854 2347 942 2405 quam
960 2330 1112 2406 hucusque
1129 2334 1268 2404 expertus
1286 2348 1368 2406 sum,

247 2430 448 2489 benevolentia
468 2434 701 2510 prosequamini:
733 2451 780 2491 me
812 2451 972 2509 numquam
1003 2433 1149 2508 ingratum
1182 2438 1260 2492 certo
1291 2434 1367 2507 scic,

246 2535 298 2594 scd
318 2535 423 2596 'Vestro
443 2537 542 2597 favore
561 2538 683 2614 dignum
704 2538 764 2596 fore
786 2556 878 2615 spero.

286 2640 340 2698 Vir
368 2641 442 2701 Clar.
470 2660 529 2700 vna
556 2643 762 2717 Huawnunnu,
784 2661 841 2720 quo
868 2648 1032 2719 promotore
1053 2643 1175 2718 glorior,
1196 2643 1367 2719 praesertim

245 2746 282 2804 ad
304 2745 345 2805 Te
366 2746 474 2822 refero,
496 2766 543 2806 me
564 2753 631 2807 ante
651 2749 739 2807 ferias
761 2749 888 2808 aestivas
909 2766 1040 2807 summos
1060 2749 1091 2806 in
1110 2748 1274 2807 litterarum
1295 2749 1368 2807 olas-

245 2853 370 2912 sicarum
391 2853 548 2930 disciplina
568 2855 693 2914 honores
714 2855 867 2932 oonsequi;
885 2873 954 2912 nam
970 2859 1085 2931 praeter
1102 2855 1216 2913 solitam
1234 2837 1366 2931 operam,

245 2976 334 3034 quam
361 2962 540 3034 promotores
565 2958 718 3034 discipulis
741 2959 803 3017 suis
824 2963 988 3035 praestant,
1010 2964 1040 3018 81
1060 2979 1148 3036 quam
1168 2959 1241 3018 mihi
1262 2961 1316 3018 hac
1336 2960 1368 3017 iu

245 3083 277 3124 18
303 3065 384 3141 large
412 3065 596 3142 praebebam*
614 3066 689 3124 hano
717 3065 951 3125 dissertationem
973 3066 1053 3124 brevi
1073 3071 1204 3142 ternpore
1224 3065 1368 3138 corrigere

246 3169 380 3245 voluisti;
412 3169 471 3244 Tu,
502 3187 679 3246 quamquam
710 3169 775 3228 aliis
806 3169 936 3227 muneris
967 3169 1071 3227 officiis
1100 3169 1256 3227 obstrictus
1287 3186 1366 3240 eras,

247 3293 362 3351 semper
388 3273 481 3333 Tuam
512 3274 673 3334 doctrinam
703 3278 791 3351 atque
823 3274 1031 3349 benignitatem
1061 3273 1205 3349 discipulo
1236 3277 1366 3348 paratam

246 3379 380 3438 habebas,
413 3378 524 3437 Iterum
554 3383 642 3455 atque
672 3378 778 3437 iterum
809 3378 917 3453 gratias
948 3395 1010 3452 ago.
1042 3376 1193 3436 Praeclara
1224 3394 1294 3452 erga
1320 3395 1367 3435 me

246 3484 348 3542 merita
379 3483 512 3560 pluribus
543 3483 639 3542 verbis
670 3483 810 3542 extollere
840 3500 899 3540 non
931 3482 1027 3540 decet:
1060 3480 1178 3539 illorum
1207 3480 1367 3539 recordatio

247 3605 362 3663 semper
380 3587 454 3645 mihi
475 3587 530 3646 erit
549 3587 727 3646 dulcissima.

286 3691 357 3749 Viro
385 3691 554 3750 doctissimo
573 3691 605 3750 P.
627 3691 661 3748 A.
682 3689 787 3763 Trana,
809 3691 859 3767 qui
881 3695 926 3749 est
945 3689 1141 3748 Bibliothecae
1161 3688 1366 3747 Universitatis
1455 3741 1456 3744 ,

246 3795 541 3854 ereno-Traicctinae
558 3795 737 3871 praefectus,
756 3794 864 3852 multas
881 3813 935 3869 ago
950 3794 1059 3868 gratias
1069 3812 1121 3869 pro
1131 3793 1244 3852 liberali
1254 3793 1365 3864 animo,

247 3916 304 3974 quo
335 3917 393 3957 non
421 3899 516 3956 solum
542 3903 626 3956 antea
648 3897 700 3957 sed
720 3898 866 3973 imprimis
887 3899 942 3956 hoc
963 3898 1096 3974 proximo
1117 3915 1193 3955 anno
1214 3897 1366 3956 thesauros

201 4008 203 4013 ‘
248 4002 444 4061 Bibliothecae
466 4003 496 4059 iu
518 4020 614 4061 meum
636 4020 723 4060 usum
745 4002 866 4078 aperuit.
