3082 5002
286 763 434 822 Lubenter
472 764 547 822 hanc
584 765 830 840 opportunitatem
861 765 982 840 arripio,
1015 764 1099 822 Viri
1130 755 1335 824 Clarissim'
1342 767 1369 839 i,

247 874 389 945 quotquot
414 869 445 926 in
472 869 609 928 facultate
638 869 840 946 philosophiae
860 870 1035 929 theoreticae
1055 877 1084 929 01
1105 871 1267 931 litterarum
1287 873 1370 930 Pro-

247 973 417 1032 fessores
444 974 530 1048 estis,
560 973 656 1051 palam
684 973 775 1032 Vobis
799 973 907 1049 gratias
935 975 1041 1050 agendi
1068 991 1120 1051 pro
1148 976 1253 1035 collata
1272 977 1303 1034 in
1323 995 1371 1035 ine

248 1078 457 1137 benevolentia.
485 1077 550 1136 Non
578 1077 673 1137 solum
694 1079 755 1153 Illi,
777 1096 902 1156 quorum
923 1079 1086 1156 discipulus
1107 1098 1188 1155 01110,
1210 1081 1370 1139 sedetiam

246 1182 322 1257 Vos,
351 1201 475 1260 quorum
504 1183 612 1242 scholis
639 1201 697 1241 non
725 1183 852 1252 interfui,
874 1184 946 1241 mihi
967 1183 998 1240 in
1018 1184 1108 1242 variis
1129 1185 1216 1243 rebus
1236 1185 1370 1257 affuistis,

247 1305 320 1362 quas
341 1305 512 1346 enumerare
532 1289 621 1346 huius
641 1287 697 1346 loci
714 1305 773 1346 non
790 1292 843 1346 est.

286 1389 374 1449 Grato
395 1391 507 1465 animo,
529 1391 583 1449 Vir
602 1391 677 1450 Clar.
700 1389 863 1466 Ornoouaa,
882 1410 1059 1470 quamquam
1076 1393 1290 1469 philosophiam
1308 1399 1370 1452 tan-

246 1495 397 1554 tummodo
427 1496 603 1571 primoribus
630 1495 719 1554 labris
746 1496 845 1570 attigi,
874 1496 960 1554 horas
988 1497 1136 1571 recordor,
1157 1515 1210 1573 per
1236 1516 1309 1575 quas
1329 1496 1371 1556 ’10

246 1600 347 1658 audire
364 1600 437 1657 mihi
454 1600 545 1658 licuit.
564 1600 763 1659 institutionis
780 1599 873 1676 Tuae,
892 1619 950 1678 qua
960 1602 1055 1678 pulcri
1066 1603 1240 1680 venustique
1250 1621 1371 1662 sensum

246 1705 276 1763 in
303 1706 469 1765 auditorum
497 1708 603 1765 animis
631 1708 759 1767 excitare
785 1713 815 1766 et
834 1707 911 1766 alere
933 1708 1005 1783 scis,
1027 1727 1188 1786 numquam
1208 1688 1369 1768 obliviscar.

286 1810 437 1887 Imprimis
467 1811 575 1887 Vobis,
608 1812 672 1870 Viri
710 1812 800 1886 0101,
832 1813 992 1871 1011100011
1022 1818 1051 1872 01
1082 1813 1213 1888 Wruuu,
1244 1814 1370 1871 multum

208 1995 210 2002 ,
247 1916 345 1976 debeo
385 1915 583 1994 Quamquam,
614 1922 729 1993 praeter
759 1917 889 1992 scholas,
921 1936 994 1995 quas
1025 1918 1233 1995 frequentavi,
1253 1919 1370 1994 saepius

246 2023 351 2081 accidit
381 2029 415 2081 01
446 2023 560 2082 Vestris
591 2023 722 2082 consiliis
752 2023 825 2081 mihi
856 2042 929 2100 opus
960 2029 1052 2098 00001,
1079 2042 1241 2100 numquam
1271 2028 1370 2081 tamen

245 2127 354 2185 fursiua
380 2127 523 2186 auxilium
551 2128 691 2187 Vestrum
712 2128 879 2204 imploravi,
902 2146 1019 2205 semper
1037 2130 1138 2188 statim
1157 2129 1251 2205 parati
1272 2128 1369 2187 fuistis

223 2231 295 2287 ,vel
324 2232 355 2288 in
386 2232 515 2290 minimis
545 2233 671 2308 negotiis
704 2251 750 2291 mc
781 2232 926 2291 adiuvare.
958 2233 1048 2291 Vobis
1078 2233 1169 2308 igitur
1199 2252 1246 2291 me
1275 2238 1369 2291 totum

248 2334 420 2393 obstrictum
440 2353 504 2395 esse
524 2338 632 2413 senti03
655 2337 757 2396 eadem
775 2355 838 2411 me,
856 2356 944 2414 quam
961 2338 1113 2414 hucusque
1130 2343 1269 2413 expertus
1287 2357 1369 2415 sum,

250 2438 449 2498 benevolentia
470 2442 702 2518 prosequamini:
734 2460 782 2500 me
813 2460 973 2518 numquam
1004 2443 1151 2517 ingratum
1184 2447 1262 2501 00110
1293 2443 1368 2516 0010,

248 2544 299 2601 sed
319 2543 425 2604 'Vestro
445 2545 543 2606 101010
562 2547 685 2622 dignum
705 2546 766 2605 1010
787 2565 879 2623 spero.

287 2648 341 2706 Vir
369 2649 444 2710 Olar.
471 2668 530 2708 vnn
557 2651 763 2725 Hauwaaouu,
786 2670 842 2728 quo
870 2657 1034 2729 promotore
1054 2652 1177 2727 glorior,
1198 2652 1369 2729 pracsertim

246 2754 283 2812 ad
305 2753 346 2812 Te
367 2755 475 2830 101010,
497 2774 545 2815 me
565 2762 633 2815 ante
653 2758 741 2815 ferias
762 2758 889 2816 00011100
910 2775 1041 2816 summos
1061 2758 1092 2815 in
1111 2757 1275 2816 litterarum
1296 2757 1369 2817 clas-

246 2862 372 2920 sicanum
393 2862 549 2939 disciplina
570 2865 694 2923 honores
715 2863 868 2940 consequi,
887 2882 955 2922 nam
972 2868 1087 2940 praeter
1103 2864 1218 2923 solitam
1236 2846 1367 2940 operam,

247 2985 335 3042 quam
362 2971 542 3042 promotores
567 2966 720 3043 discipulis
742 2967 804 3026 suis
826 2972 989 3044 praestant,
1012 2973 1041 3027 01
1061 2987 1149 3045 quam
1169 2968 1242 3027 mihi
1262 2969 1369 3026 bacin

247 3091 279 3132 re
304 3074 385 3149 large
413 3073 597 3150 praebebas,
615 3075 691 3133 hanc
718 3074 952 3133 dissertationem
974 3075 1054 3133 brevi
1075 3079 1205 3151 tempore
1225 3074 1369 3147 corrigere

247 3177 381 3253 voluisti;
413 3176 473 3252 Tu,
503 3196 680 3254 quamquam
712 3177 777 3237 aliis
807 3178 937 3236 muneris
968 3177 1072 3236 officiis
1101 3178 1257 3236 obstrictus
1288 3195 1367 3249 0100,

248 3300 363 3358 semper
389 3282 483 3341 Tuam
513 3283 675 3342 doctrinam
704 3287 793 3359 atquc
824 3283 1032 3358 benignitatem
1062 3281 1206 3359 discipulo
1237 3287 1368 3358 paratam

248 3386 381 3446 habebas.
414 3387 525 3445 Iterum
556 3392 644 3463 atque
673 3387 779 3445 iterum
810 3387 918 3462 gratias
949 3404 1011 3461 age.
1043 3385 1194 3444 Praeclara
1225 3403 1295 3461 erga
1321 3404 1368 3444 me

247 3492 349 3551 merita
380 3491 514 3569 pluribus
544 3492 641 3551 verbis
671 3491 811 3551 extollere
842 3509 900 3550 non
932 3490 1028 3549 decet:
1061 3489 1179 3548 illorum
1208 3489 1368 3548 recordatio

248 3612 363 3673 semper
382 3595 455 3653 mihi
476 3596 531 3654 erit
551 3596 728 3655 dulcissima.

287 3699 358 3757 Viro
386 3699 555 3759 doctissimo
575 3700 606 3758 P.
628 3700 662 3758 A.
683 3698 787 3772 Trans,
810 3699 860 3775 qui
882 3704 927 3758 est
946 3698 1143 3757 Bibliothecae
1162 3697 1367 3756 Universitatis

248 3803 542 3863 Rheno-Traiectinae
559 3803 739 3879 praefectae,
757 3803 865 3861 multas
882 3821 937 3878 ago
951 3803 1060 3878 gratias
1070 3821 1122 3878 pro
1132 3802 1245 3861 liberali
1255 3802 1366 3872 animo,

249 3924 306 3981 quo
336 3925 394 3964 non
422 3907 518 3964 solum
544 3911 628 3965 antea
649 3907 701 3965 scd
722 3907 867 3982 imprimis
888 3907 943 3965 hoc
964 3907 1097 3983 proximo
1118 3924 1194 3964 anno
1215 3906 1367 3965 thesauros

203 4014 205 4019 ’
249 4009 445 4070 Bibliothecae
467 4011 497 4068 in
520 4029 615 4069 meum
637 4029 724 4068 usum
746 4011 867 4087 aperuit.
