3082 5002
752 508 792 569 76

211 689 319 753 codiee
343 689 360 762 ἡ
384 689 546 771 οὶκρνβεσπ.
561 738 568 754 .
583 738 613 754 ..
638 698 670 757 ot
692 693 808 757 deinde
832 692 862 754 ἐν
883 698 953 764 ταῖς
976 690 1103 769 βίβλοις.
1122 692 1208 778 Ergo
1227 693 1335 777 legon-

211 804 288 868 dum
324 809 419 888 puto:
458 802 584 886 „vov'wv
619 804 645 868 δ’
680 803 818 870 οὶποίνπων
847 809 904 869 πῶν
933 806 1060 883 σημείων
1090 804 1332 887 ν’ροίκρνβεσποίπνρ

211 921 316 995 γνῶσις
339 918 368 980 ἐν
391 923 461 989 παῖς
483 916 602 995 βίβλοις
624 918 683 982 κπὲ.

741 1151 795 1211 IV.

255 1355 345 1419 Idem
380 1355 483 1418 codex
516 1375 568 1439 pg.
600 1352 709 1416 XLIV
740 1373 785 1417 vs.
819 1355 839 1417 8
871 1352 1001 1418 exhibet
1030 1346 1069 1425 οἷς
1091 1351 1143 1417 καὶ
1167 1353 1334 1434 ἀστερίσκος

212 1465 298 1544 μόνος
321 1465 503 1547 παροίκενπαο.
528 1504 571 1514 -
596 1465 735 1531 DIndorf
755 1467 842 1531 dedit
864 1465 1039 1547 πρόσκεισαι,
1062 1468 1197 1532 lectione
1216 1468 1335 1533 eodieiS

212 1601 278 1644 non
300 1585 555 1664 commemorata,
577 1581 633 1645 sed
656 1577 831 1661 παροίκεοταο
854 1581 1036 1645 tenendum.

753 1813 790 1874 V.

255 2016 295 2079 In
320 2016 448 2098 Tyrtaei
470 2017 648 2101 fragmento
673 2019 713 2081 12
738 2018 796 2100 (ed.
820 2017 940 2102 Bergk*
963 2018 1034 2082 Vol.
1056 2018 1090 2081 Π
1112 2039 1163 2103 pg.
1189 2018 1242 2099 18)
1263 2037 1335 2082 ver-

213 2149 284 2194 sum
312 2130 353 2193 10
381 2130 430 2211 „ob
453 2128 509 2210 γαρ
528 2129 599 2210 οὲνῗρρ
617 2131 729 2208 ἀγαθὸς
741 2130 875 2208 γίγνεται
887 2132 916 2194 ἐν
928 2129 1070 2212 πολέμῳ”
1082 2132 1227 2216 spurium
1242 2132 1334 2195 duco,

746 2365 800 2425 VI.

257 2569 386 2634 Isocrat.
422 2570 481 2651 (ed.
512 2569 613 2633 Blass.
646 2570 743 2651 1879)
774 2570 911 2654 Aeginet
942 2570 960 2650 ξ
985 2570 1026 2632 39
1049 2566 1224 2649 τετρωμένον
1246 2567 1336 2631 αὐτὸν

213 2679 265 2744 καὶ
296 2678 427 2760 βαδίζειν
457 2682 488 2744 οὐ
513 2678 671 2758 δυνάμενον
693 2681 765 2744 ἀλλ’
789 2682 1028 2761 ίλοροψνχοῦνπα
1050 2678 1209 2758 οίπεκίμνσ’
1231 2678 1280 2744 ε’πὶ
1302 2679 1335 2744 πὸ

214 2800 314 2857 πλοῖον
337 2793 396 2857 κσὲ.
419 2793 607 2878 Legendum
630 2799 679 2859 ost
700 2792 785 2857 ἀλλὰ
806 2798 1043 2874 λνποψνχοῦνσα.

737 3026 808 3088 VIL
906 3087 910 3095 .

257 3211 418 3294 Aristoph.
440 3210 578 3274 Acharn.
603 3210 666 3272 994
678 3229 746 3293 sqq.

345 3320 429 3387 οίλλοί
453 3345 486 3385 σε
508 3321 612 3399 λαβὼν
633 3321 698 3402 τρία
722 3321 793 3385 δοκῶ
816 3321 847 3398 γ’
871 3319 907 3384 ἂν
929 3318 971 3384 ἔσο
995 3320 1187 3402 προσβαλεῖν·

345 3439 446 3517 πρῶτα
468 3435 523 3513 μὲν
545 3433 582 3498 ἂν
604 3434 773 3511 ἀμπελίδος
795 3432 880 3515 ὄρχον
902 3432 1008 3498 ἔλασαν
1032 3435 1150 3515 μακρόν,

345 3542 409 3611 εἶπα
431 3547 512 3628 παροδ
534 3545 615 3611 τόνδε
636 3545 687 3610 νέα
709 3547 860 3626 μοσχίδια
882 3546 1017 3620 συκίδων,

345 3662 396 3726 καὶ
418 3663 450 3726 τὸ
472 3661 564 3736 τρίπον
586 3661 721 3743 ἡμερίδος
744 3659 816 3742 ὄζον,
840 3661 854 3725 ὁ
876 3658 964 3742 γέρων
986 3660 1037 3734 ὁδί,
1061 3661 1122 3725 κπὲ.

256 3777 395 3862 Legatur
417 3796 513 3840 versu
537 3777 601 3839 994
625 3775 813 3856 προσλαβεῖν.

727 4010 814 4070 VIII.

256 4214 384 4279 Diodor.
419 4216 477 4296 (ed.
511 4214 667 4297 Dindoff.)
697 4214 819 4278 XH:3
852 4218 871 4297 ξ
904 4218 940 4279 3:
971 4214 1075 4278 ἑκατὸν
1100 4213 1131 4278 δὲ
1153 4211 1205 4276 σὺν
1228 4213 1333 4285 αὐτοῖς

211 4334 270 4400 τοῖς
291 4327 427 4408 οένδροίσον
445 4322 511 4393 εἷλε.
534 4328 694 4413 Expungo
716 4334 786 4400 τοῖς.
