3082 5002
634 527 781 621 ‘ro

710 806 798 865 XIX.

232 993 359 1058 Tacitus
382 964 499 1055 AnnaI.
522 989 623 1054 XVI:
639 989 697 1052 19:
725 988 809 1052 levia
831 986 972 1086 earmina
997 987 1028 1047 et
1050 979 1158 1063 satelles
1181 998 1307 1044 versus.

232 1107 330 1172 Reete
354 1104 598 1188 Bezzenberger
624 1099 777 1184 „futiles”
803 1099 957 1181 (futtiles).

723 1300 795 1358 XX.

235 1487 372 1574 Plautus
397 1483 523 1576 Cureul.
549 1485 611 1559 548
636 1483 694 1566 (ed.
719 1481 829 1558 Goetn)
852 1480 887 1542 in
910 1478 1000 1542 libris
1026 1463 1101 1541 mss.
1125 1433 1259 1574 legitur:

804 1593 896 1657 Facis
919 1593 1096 1675 sapientius
1285 1599 1286 1602 ’

267 1712 370 1794 Quam
392 1731 472 1792 pars
495 1710 641 1775 moenum
664 1709 795 1772 libertos
815 1686 873 1790 qui
895 1704 1013 1769 habent
1036 1708 1068 1769 et
1087 1723 1141 1768 eos
1161 1689 1321 1768 deserunt.

242 1824 383 1911 Legatur
402 1829 575 1905 patronam
592 1842 684 1911 pars.

558 2013 561 2018 ’
614 2033 616 2036 -
716 1995 806 2054 XXI.

246 2179 432 2244 Sermonem
454 2178 640 2262 popularem
663 2178 814 2257 seeundo
828 2181 859 2241 et
879 2177 983 2260 primo
1006 2174 1114 2268 seculo
1140 2178 1213 2239 ante
1235 2171 1266 2236 O.
1279 2171 1317 2236 N.

206 2289 333 2371 „dom”
368 2309 442 2353 eum
473 2289 579 2354 verbis
603 2292 752 2354 motionis
776 2290 992 2371 coniunxisse,
1015 2288 1188 2351 admodum
1214 2284 1327 2369 proba-

199 2403 267 2469 bile
290 2408 345 2468 est.

710 2540 815 2599 XXII.

247 2720 427 2800 Petronius,
463 2721 518 2803 qui
553 2719 711 2784 Satirieon
741 2720 877 2803 scripsit,
907 2719 991 2783 idem
1024 2723 1073 2783 ast
1095 2722 1192 2801 atque
1214 2719 1243 2781 Is
1267 2717 1324 2800 qui

205 2835 342 2898 occurrit
364 2834 449 2918 apud
471 2833 614 2898 Tacitum
637 2835 722 2898 Ann.
745 2833 847 2897 XVI:
865 2834 914 2896 18.

706 3032 827 3092 XXIII.

245 3210 296 3296 Sp.
318 3210 454 3276 Thorius
478 3212 655 3277 seeundum
679 3211 863 3302 Ciceronem
885 3216 920 3276 in
942 3212 1044 3277 Bruto
1068 3214 1087 3295 ᾗ
1113 3213 1175 3277 136
1201 3233 1313 3298 agrum

199 3324 366 3407 publicum
398 3327 546 3410 vectigali
576 3326 738 3405 liberavit3
770 3332 895 3412 recepta
918 3328 1011 3392 hodIe
1034 3329 1260 3412 interpretatio,
1293 3332 1331 3392 ut

205 3439 398 3522 „vectigali”
433 3442 475 3504 sit
509 3460 590 3525 „per
613 3441 769 3525 veetigal''
792 3446 915 3526 pugnat
938 3447 1012 3506 oum
1035 3442 1168 3539 Iinguae
1190 3441 1323 3528 Latinae

207 3551 344 3636 legibus.

710 3689 829 3750 XXIV.

111 3853 115 3863 “
246 3855 321 3921 Iure
342 3857 485 3940 suffragii
505 3857 539 3918 In
564 3853 676 3921 senatu
699 3857 849 3922 carebant
872 3861 1090 3943 magistratus.

723 4053 825 4116 XXV.

249 4233 349 4318 Leges
384 4234 568 4300 consulares
598 4237 633 4300 in
663 4236 739 4302 solis
763 4238 900 4302 comitiis
923 4238 1107 4304 centuriatis
1132 4260 1196 4303 non
1219 4240 1264 4306 ita
1286 4241 1321 4306 in

206 4347 346 4413 tributus
368 4349 451 4414 latae
474 4369 538 4413 sun
546 4355 568 4414 t.
