3082 5002
819 499 862 559 48

283 681 344 744 917
359 703 365 744 :
380 682 421 745 30
454 681 529 762 (XV
542 703 549 744 ε
564 682 604 745 26
619 704 626 744 :
641 683 671 762 8)
705 680 898 762 μνχθίζοντες
930 682 961 746 δὲ
987 680 1038 746 καὶ
1067 679 1317 762 δοαψνθυροζοντες.
1346 681 1408 748 Oc·

282 795 382 857 currit
403 795 437 857 in
460 796 569 877 spurio
593 795 733 858 carmine
751 794 909 859 Theocriti
930 794 1018 858 XX:
1035 796 1075 858 13
1087 793 1200 874 χείλεσι
1214 793 1406 875 μοχθίζοντα,

283 908 441 991 (suspiro),
462 913 494 971 et
516 907 665 989 Aeschyl.
685 907 790 971 Prom.
817 909 880 970 742
905 907 1000 972 habet
1022 905 1267 987 νὀναμνχθίζομαο
1291 933 1333 967 =
1356 908 1407 972 in-

282 1040 431 1104 gemisco.

748 1259 942 1274 —4—

825 1519 863 1575 N.

89 1720 321 1789 aaaaroae'u.
345 1722 432 1787 Novi
452 1721 535 1806 vebo,
558 1723 678 1805 νοοοὶμο.
702 1722 742 1786 In
765 1742 859 1807 prosa
880 1741 945 1786 non
969 1723 1108 1786 occurrit
1127 1727 1201 1787 ante
1220 1721 1411 1804 Diodorum,

284 1838 403 1920 passim
435 1856 512 1900 vero
547 1837 631 1921 apud
663 1837 811 1919 tragicos,
842 1834 879 1898 cf.
904 1834 1053 1916 Aeschyl.
1077 1834 1190 1919 Agam.
1215 1834 1289 1917 664,
1312 1833 1411 1917 Soph.

284 1950 417 2014 Philoct.
442 1951 516 2032 245,
539 1950 612 2012 279.
636 1949 693 2013 Bis
717 1949 834 2032 legitur
858 1948 944 2032 apud
954 1947 1202 2032 Aristophanem
1212 1947 1300 2012 Aves
1313 1948 1413 2027 1229,

284 2064 472 2148 Thesmoph.
505 2064 588 2128 1101
621 2064 692 2144 (hoc
723 2064 792 2127 loco
817 2068 866 2127 est
889 2082 1002 2127 versus
1025 2063 1188 2147 tragicus).
1213 2099 1255 2108 -
1278 2060 1409 2125 Diodor.

285 2177 352 2240 IV:
369 2179 409 2241 13
433 2179 452 2259 ᾗ
476 2179 497 2240 4
521 2179 560 2242 dc
582 2177 733 2260 Hercule,
755 2178 854 2261 idque
876 2176 978 2240 forma
999 2177 1128 2260 passiva
1139 2173 1349 2248 ναυστοληθείς.
1364 2210 1410 2222 -

285 2292 392 2357 Attico
414 2297 510 2354 πλεῖν.

91 2403 275 2476 ναύτνλος
298 2425 355 2488 pro
378 2403 486 2478 ναύτνς
509 2406 704 2488 tragicorum
727 2424 791 2469 usu
815 2407 938 2469 teritur.
965 2402 1008 2467 of.
1032 2403 1182 2485 Aeschyl.
1205 2402 1311 2466 Prom.
1335 2400 1412 2484 468,

286 2519 398 2602 Agam.
423 2519 496 2596 631,
519 2521 583 2583 899
607 2525 638 2584 et
661 2519 746 2601 alibi,
769 2518 931 2602 Aristoph.
954 2517 1033 2582 Ran.
1059 2518 1143 2581 1207
1169 2519 1261 2598 (vers.
1273 2521 1350 2600 trag.
1368 2515 1408 2579 cf.

286 2653 314 2695 υ.
339 2634 367 2696 d.
390 2632 495 2698 Saudo
517 2632 617 2696 Bakh.
641 2653 691 2716 pg.
717 2633 800 2712 157),
822 2631 1000 2696 Nausicrat.
1021 2652 1068 2715 ap.
1082 2631 1177 2695 Mein.
1188 2630 1236 2693 IV
1251 2652 1258 2692 ε
1273 2629 1410 2714 575frg.

289 2748 304 2808 1
331 2751 362 2810 et
385 2748 415 2828 2,
437 2745 589 2810 Herodot.
612 2745 732 2808 11:43.
756 2783 797 2791 —
821 2744 951 2809 Diodor.
974 2744 1102 2808 ΠΙι44
1126 2746 1145 2826 ἓ
1168 2747 1198 2807 4.

91 2864 408 2936 νεκυομαντεῖον.
444 2857 623 2942 oraculum,
646 2859 701 2923 ubi
731 2879 840 2923 munos
862 2877 1014 2938 respousa
1036 2859 1124 2922 ditat.
1148 2857 1266 2922 Herod.
1290 2857 1320 2919 V
1336 2879 1343 2920 :
1358 2857 1411 2941 92,

284 2972 313 3054 ν)
337 2973 371 3034 in
393 2972 495 3035 forma
517 2971 626 3035 Ionica
649 2973 871 3048 νεκυομαντήιον
889 2977 1003 3056 etpost
1015 2992 1089 3037 eum
1101 2971 1194 3034 Diod.
1207 2969 1256 3033 IV
1270 2991 1276 3033 :
1291 2972 1333 3033 22
1347 2971 1366 3051 ἓ
1380 2971 1411 3034 2.

92 3083 261 3165 νεοχμός
284 3104 341 3168 pro
372 3082 431 3156 νέος
463 3090 511 3149 est
541 3086 707 3168 tragicum,
731 3085 768 3148 cf.
791 3085 908 3149 Aesch.
932 3084 1037 3148 Prom.
1064 3086 1137 3167 149,
1161 3084 1248 3150 Pers.
1273 3084 1346 3147 693.
1370 3083 1412 3147 In

286 3198 394 3262 Attica
416 3218 511 3281 prosa
533 3218 599 3262 non
621 3199 749 3283 legitur,
772 3199 829 3263 sed
848 3198 966 3262 Herod.
990 3197 1061 3261 IX:
1078 3199 1128 3281 99,
1151 3198 1314 3281 Aristoph.
1331 3196 1415 3261 Ran.

289 3312 384 3394 1373,
403 3312 525 3376 Thesm.
547 3312 609 3375 700
630 3316 662 3376 et
681 3311 829 3375 Cratinus
842 3332 890 3394 ap.
904 3310 999 3375 Mein.
1011 3309 1065 3373 II:
1083 3311 1143 3373 101
1160 3315 1304 3374 utuntur.
1317 3308 1412 3373 Diod.

287 3423 338 3486 XI
352 3424 390 3486 ;7
424 3424 442 3505 ᾖ
474 3426 493 3486 2
522 3424 560 3488 de
590 3423 753 3505 militibus,
778 3425 834 3508 qui
857 3423 1041 3487 recentibus
1065 3422 1187 3487 viribus
1210 3424 1244 3485 in
1268 3442 1412 3506 pugnam

287 3537 410 3618 incunt,
432 3535 554 3616 νεοχμοὶ
577 3537 645 3617 πρὸς
669 3535 933 3614 δοατεοτοννμένονς
956 3534 1174 3614 συμβαλόντες.
1201 3574 1243 3582 -
1267 3535 1414 3600 Verbum

288 3652 432 3728 νεοχμοῦν
465 3669 523 3732 pro
557 3649 723 3729 νεωτερίζειν
759 3669 824 3713 non
858 3654 984 3713 tantum
1021 3651 1160 3712 occurrit
1189 3650 1224 3712 in
1246 3647 1412 3713 Herodoto

288 3762 336 3824 IV
349 3784 356 3825 :
370 3762 444 3844 201,
467 3762 522 3826 sed
545 3764 639 3827 etiam
663 3764 748 3847 apud
769 3763 986 3845 Thucydidem
1010 3762 1048 3825 I:
1066 3763 1106 3825 12
1120 3783 1126 3825 :
1142 3763 1170 3824 2.

93 3874 304 3950 *ννπενθὲο
337 3873 429 3939 Diod.
452 3875 488 3937 1:
505 3875 544 3938 97
569 3877 588 3957 ἓ
615 3876 631 3937 7
656 3876 688 3939 τὸ
711 3875 768 3956 γὰρ
793 3875 1123 3961 νντενθὲεφοὶρμακον,
1148 3871 1161 3938 ὃ
1186 3872 1293 3951 λαβεῖν
1317 3877 1413 3954 φησιν

286 3988 442 4061 ductoria
463 3987 516 4060 τὴν
540 3987 661 4061 Ἑλένην
683 3989 742 4051 κτὲ.
766 3990 879 4054 alludit
902 3990 942 4053 ad
965 3989 1062 4053 Hom.
1087 3987 1104 4052 δ
1129 3989 1202 4051 221.

95 4102 283 4184 anxians.
310 4103 444 4168 Turdus.
468 4100 586 4184 Secuta
610 4101 815 4185 Usnrparunt
837 4102 947 4186 Eurip.
971 4101 1072 4167 Orest.
1093 4103 1157 4166 800
1171 4098 1282 4180 πλευραὶ
1294 4105 1414 4178 νωχελῆ

291 4215 371 4295 νόσῳ,
401 4221 433 4280 et
461 4220 573 4299 poetae
603 4216 767 4298 sequiores
797 4215 884 4278 Arat.
917 4216 990 4297 391,
1021 4214 1171 4279 Manetho
1195 4215 1242 4279 ed.
1266 4211 1416 4293 Koechly

290 4330 338 4395 IV
350 4352 357 4394 :
372 4331 445 4413 517,
475 4334 635 4414 praeterea
664 4327 826 4393 Nicander
853 4328 992 4396 Theriac.
1021 4311 1095 4391 160.
1117 4327 1321 4393 Pedestrium
1344 4327 1414 4409 pri-
