3082 5002
708 485 751 547 lo

170 670 317 735 Getarum
339 690 406 733 vox
429 689 535 753 neque
557 669 617 733 hac
638 688 745 753 neque
763 669 819 733 illa
837 670 1080 753 significatione,
1093 689 1176 752 quae
1194 669 1288 734 faoile

167 804 186 849 e
207 785 313 868 priore
335 783 506 864 derivatur,
530 803 669 866 usquam
694 783 729 845 in
752 778 847 865 prosa
867 784 1005 846 occurrit
1024 787 1098 846 ante
1108 780 1288 847 Diodorum

168 897 208 959 ll.
232 897 338 960 nttico
361 893 462 971 γέμειν
487 892 570 960 rudo.

634 1193 827 1202 μ*-

717 1451 750 1506 Γ.

172 1627 276 1693 ortas.
300 1627 443 1691 Verbum
467 1626 692 1691 Homericum:
719 1627 756 1692 of.
775 1635 811 1690 Ω
825 1629 898 1711 535,
914 1627 1025 1691 15111
1037 1627 1154 1692 Herod.
1166 1629 1215 1692 IV
1228 1651 1234 1692 :
1249 1631 1291 1692 23

168 1741 262 1804 leotio
289 1742 411 1804 ineerta
438 1746 494 1803 est.
517 1738 688 1804 Reoentior
714 1741 799 1804 enim
824 1741 890 1822 (sod
914 1741 1022 1804 eadem
1048 1760 1141 1824 saepe
1164 1741 1287 1821 melior)

169 1853 316 1916 oodioum
338 1851 458 1929 familia
481 1852 577 1916 habet
601 1852 634 1915 ἐκ
656 1858 787 1928 γενετῆς,
813 1854 1011 1936 antiquiores
1030 1853 1105 1916 libri
1124 1853 1242 1917 habent
1259 1853 1292 1916 ἐκ

168 1972 279 2041 γενεῆς,
314 1965 349 2026 in
384 1983 448 2047 quo
481 1966 665 2047 conspirant
694 1964 767 2027 libri
799 1964 869 2027 Ill:
885 1966 935 2028 33.
965 1963 1114 2029 Ceterum
1136 1964 1293 2029 Herodoti

168 2078 309 2140 imitator
331 2075 510 2140 Pausanias
533 2081 715 2141 constanter
739 2077 815 2140 dioit
837 2076 870 2139 ἐκ
893 2083 1022 2160 γενετῆς,
1051 2096 1151 2161 quare
1163 2077 1292 2141 difficile

168 2195 216 2253 est
252 2190 329 2254 oerti
361 2189 439 2271 quid
474 2189 632 2254 affirmare
664 2190 702 2252 de
722 2210 786 2254 usu
808 2189 999 2272 HerodoteO,
1023 2190 1080 2254 sed
1103 2190 1291 2255 Aristoteles

169 2299 269 2377 γενετῆ
295 2308 439 2386 usurpat,
463 2302 501 2366 cf.
525 2301 598 2366 Eth.
624 2303 665 2364 6:
683 2303 742 2367 13..
757 2301 881 2367 Deinde
903 2302 1016 2384 Polyb.
1041 2302 1105 2364 206
1121 2324 1127 2364 :
1142 2304 1184 2365 24
1198 2303 1289 2382 (ΠΙε

172 2414 287 2496 2οε4).
323 2413 1046 2499 Diodor.1:24§4‚1V:24§4,V:32
1071 2416 1090 2496 ἓ
1115 2417 1144 2497 2,
1167 2414 1288 2478 XVII:

34 2621 38 2627 ⁸
150 2525 333 2618 ronse

711 3061 747 3116 Δ.

10 3252 142 3334 :lauat
165 3256 291 3336 Epolos
312 3257 358 3322 do.
381 3258 532 3323 Hormula
554 3258 654 3337 γάμον
678 3259 780 3324 δεῖσεν
802 3261 895 3326 Diod.
908 3263 939 3325 V
952 3284 958 3325 :
973 3263 1070 3325 49:1
1094 3281 1136 3326 ex
1147 3261 1289 3326 Homero

167 3375 293 3453 sumpta
317 3376 371 3435 est
397 3371 440 3434 Of.
465 3380 494 3434 T
519 3375 589 3436 293
604 3373 733 3437 Pindar.
756 3373 847 3438 Nem.
870 3374 966 3437 1:72
991 3370 1149 3451 δεξάμενον
1169 3372 1291 3453 θαλερὰν

168 3478 272 3559 Ἥβαν
307 3486 416 3547 ἄκοιτιν
451 3483 503 3548 καὶ
539 3483 640 3563 γάμον
672 3485 818 3549 δείσαντε
851 3487 889 3549 of.
917 3485 1073 3570 Lycophr.
1105 3489 1199 3552 Alex.
1225 3487 1288 3551 146

166 3593 243 3657 Eur.
277 3594 378 3678 Iphig.
413 3597 487 3660 Aul.
526 3598 598 3680 123,
635 3599 707 3662 707.
742 3635 785 3647 -
814 3599 915 3663 Attici
945 3606 1104 3684 usurpant
1134 3600 1234 3665 ἐττιῆν
1257 3605 1290 3666 et

168 3704 239 3769 θύειν
261 3705 360 3784 γῆμον
387 3705 556 3792 (γάμους).

10 3813 189 3896 atrocia.
220 3817 341 3882 Carnes
363 3820 473 3884 divido.
496 3820 647 3885 Verbum<
665 3821 882 3887 Homericum·
898 3824 936 3888 ef.
961 3833 991 3887 A
1017 3826 1081 3889 704
1104 3821 1123 3899 ξ
1145 3827 1219 3889 433.
1242 3823 1290 3890 De

168 3931 399 4014 significatione
432 3932 596 4014 „tammo”
628 3934 714 4018 apud
745 3935 823 4000 alios
848 3938 955 4019 epicos
977 3937 1051 4001 vide
1074 3936 1174 4002 Lehrs
1198 3938 1289 4002 Aris·

167 4045 263 4107 tareh.
296 4065 345 4128 pg.
374 4045 430 4108 161
456 4051 488 4110 et
514 4047 585 4109 162.
610 4045 757 4112 Ooeurrit
779 4050 866 4132 apud
888 4048 1000 4130 Polyb.
1024 4050 1089 4112 838
1104 4070 1111 4112 :
1126 4050 1171 4111 13
1190 4048 1288 4129 (ΧΠε

168 4157 230 4218 24;
246 4158 276 4238 2)
310 4158 365 4221 sed
395 4177 414 4222 e
444 4178 534 4223 nexu
555 4165 643 4242 patet
665 4179 740 4225 eum
764 4161 985 4225 tantummodo
1009 4161 1092 4225 hanc
1114 4179 1225 4224 vocem
1248 4179 1291 4224 ex
1415 4228 1416 4232 ,

169 4269 231 4331 alio
254 4272 359 4352 citare,
382 4290 448 4335 non
469 4273 577 4355 ipsum
602 4292 785 4356 usurpasse.
